3109 5559
670 337 757 400 70
1311 341 1362 381 L.
1415 340 1538 382 IVNI
1588 339 1908 382 MODERATl
1957 339 2366 382 COLVMELLAE

670 519 863 581 quem
927 499 1010 560 ad
1071 500 1335 561 modum
1383 498 1730 561 uernacula
1777 499 2081 560 examina
2130 498 2517 579 prodeuntia
2565 497 2926 559 obseruen·

885 618 986 668 tur
1033 618 1097 668 et
1146 607 1208 667 in
1257 604 1440 667 aluos
1488 605 1853 667 condantur

672 733 867 795 quem
917 712 1000 774 ad
1051 712 1318 774 modum
1370 711 1880 793 frequentandae
1928 713 2058 774 sint
2104 712 2250 785 alui,
2302 732 2471 794 quae
2518 713 2760 793 exigua
2812 711 2927 773 ha·

886 820 1043 882 bent
1089 821 1394 882 examina

673 927 958 989 remedia
1007 927 1237 988 morbo
1286 926 1718 989 laborantium
1774 928 1994 1009 apium
2950 955 2980 1000 5

671 1033 827 1115 quid
889 1054 1151 1114 quoque
1222 1046 1517 1115 tempore
1590 1034 1828 1096 saciant
1888 1056 2049 1115 apes
2109 1047 2174 1097 et
2235 1055 2351 1115 per
2400 1036 2553 1096 anni
2615 1047 2929 1114 tempora

885 1140 1039 1221 quid
1089 1161 1310 1202 earum
1359 1153 1617 1203 curator
1666 1140 1877 1204 facere
1924 1141 2167 1204 debeat

672 1249 756 1310 de
818 1245 1007 1309 melle
1074 1247 1483 1309 conficiendo
1545 1260 1612 1310 et
1674 1268 1865 1329 quem
1926 1249 2011 1310 ad
2076 1248 2340 1310 modum
2390 1259 2456 1310 et
2502 1247 2769 1330 quando
2822 1268 2931 1310 ca·

885 1357 1071 1418 strari
1119 1355 1406 1418 debeant
1453 1354 1581 1417 alui

673 1462 757 1524 de
803 1483 952 1525 cera
1002 1461 1299 1524 facienda
2976 1491 3027 1521 ιο
3104 1505 3108 1512 .

676 1660 942 1721 LIBER
990 1659 1393 1723 DECIMVS
1444 1662 1592 1723 REI
1644 1661 2101 1724 RVSTICAE

673 1805 932 1848 carmen
982 1786 1067 1847 de
1114 1785 1286 1848 cultu
1336 1787 1668 1848 hortorum

676 1982 942 2045 LIBER
993 1983 1526 2048 VNDECIMVS
1578 1984 1730 2047 HIC
1780 1984 1950 2047 EST
1998 1984 2361 2047 VILICVS
2412 1984 2529 2046 ET

674 2090 1219 2154 HORTORVM.

899 2410 914 2439 1
960 2394 1194 2442 examina
1232 2401 1346 2441 ante
1393 2396 1699 2455 prodeuntia
1739 2412 1841 2442 om.
1883 2397 1965 2444 AR
2184 2413 2214 2456 3
2254 2397 2625 2456 frequentanda
2666 2398 2703 2444 A
3096 1833 3108 2402 ἱ

677 2499 707 2544 5
747 2485 866 2544 quid
906 2489 1020 2530 ante
1057 2499 1264 2544 quoque
1303 2501 1405 2531 om.
1446 2487 1561 2544 ΒΑμ
1599 2486 1736 2544 quod
1776 2499 1839 2544 oq

863 2588 920 2632 13
961 2573 1163 2620 utilicus
1202 2575 1254 2620 in
1293 2575 1361 2620 tit.
1401 2576 1481 2633 Αμ
1520 2574 1719 2621 uillicus
1759 2578 1800 2623 R

863 2679 920 2722 14
958 2669 1237 2723 sequuntur
1281 2664 1332 2709 in
1385 2662 1542 2719 codd„
1597 2664 1776 2723 quibus
1828 2670 2251 2724 argumentorum
2301 2670 2582 2725 conspectus
2630 2667 2931 2719 continetur,

676 2754 880 2814 exceptis
916 2767 980 2811 eq
1030 2752 1149 2797 haec
1196 2754 1362 2809 uerba,
1418 2768 1636 2812 quorum
1673 2755 1817 2813 prior
1846 2760 1971 2813 pars
2009 2752 2082 2798 ad
2116 2753 2303 2799 librum
2341 2759 2620 2813 sequentem
2659 2754 2820 2800 altera
2863 2755 2937 2800 ad

678 2843 866 2889 librum
923 2841 981 2888 dc
1036 2842 1301 2887 arboribus
1357 2843 1446 2901 qui
1492 2847 1705 2888 uocatur
1749 2847 1964 2903 spectare
2001 2842 2261 2889 uidentur:
2301 2843 2541 2889 Continet
2578 2851 2748 2889 autem
2791 2859 2932 2902 quae

677 2933 808 2979 intra
856 2931 1024 2978 uillam
1074 2931 1152 2992 agi
1201 2931 1425 2977 debeant
1462 2948 1488 2977 u
1531 2931 1745 2978 muliere
1785 2930 1959 2977 officio
2000 2931 2304 2978 uilicationis
2342 2930 2487 2984 (uilli-
2525 2934 2585 2986 R)
2624 2933 2933 2992 praeposita

678 3025 850 3081 (prop-
889 3023 962 3072 A).
1028 3021 1092 3066 de
1149 3020 1430 3066 condituris
1489 3020 1742 3066 uiuorum.
1807 3020 1871 3066 de
1928 3020 2160 3067 custodia
2220 3036 2508 3079 pomorum.
2571 3029 2623 3067 et
2674 3021 2932 3081 pleraque

678 3110 773 3158 alia
813 3125 946 3170 quae
987 3111 1032 3156 in
1075 3110 1423 3156 oeconomicis
1463 3110 1606 3156 libris
1644 3110 2042 3170 praecipiuntur.
2096 3109 2310 3157 Praeter
2336 3111 2432 3156 hos
2460 3110 2733 3156 duodecim
2760 3110 2932 3157 libros

679 3200 949 3260 singularis
992 3207 1070 3246 est
1105 3199 1171 3255 (ei
1211 3201 1253 3246 R
1291 3207 1342 3246 et
1380 3203 1426 3248 r)
1465 3199 1596 3245 liber
1633 3201 1705 3251 (in
1746 3201 1778 3244 S
1815 3198 1934 3245 add.
1973 3216 2013 3244 s.
2055 3216 2104 3245 u.
2147 3192 2242 3254 111²)
2281 3200 2342 3245 ad
2384 3198 2577 3258 epi-ium
2620 3200 2841 3259 (epirum
2886 3202 2933 3248 r)

681 3290 973 3336 marcellum
1016 3290 1080 3335 de
1120 3289 1317 3335 cultura
1358 3288 1619 3335 uinearum
1662 3297 1710 3334 et
1751 3290 2012 3335 arborum.
2054 3289 2132 3334 hic
2172 3288 2304 3335 liber
2341 3288 2487 3335 aliter
2524 3288 2830 3338 (liberaliter
2872 3293 2932 3337 Β)

680 3394 831 3439 quam
871 3379 1086 3425 indicem
1128 3371 1293 3425 habet'
1337 3379 1426 3434 (sic
1461 3379 1561 3438 sA;
1601 3379 1756 3425 habet
1794 3379 1855 3434 R)
1894 3377 2168 3438 inscriptus
2207 3380 2297 3434 (sic
2332 3379 2431 3436 SA;
2472 3378 2520 3424 in
2551 3378 2826 3438 scripturis
2854 3380 2935 3424 uel

679 3468 999 3528 inscripturis
1039 3469 1113 3524 R).
