3109 5559
440 303 560 370 126
691 302 769 369 L.
805 302 958 369 Iuni
988 302 1323 369 Moderati
1353 301 1757 370 Columellae

523 481 659 557 Qui
691 481 872 548 uolet
903 481 1216 568 frequens
1248 494 1315 547 et
1349 481 1746 567 dispositum
1777 481 2124 548 arbustum
2156 481 2427 568 paribus
2459 483 2687 569 spatiis
2719 484 2904 552 fruc·

360 618 389 668 ς
436 603 839 675 tunsumque
867 587 1127 667 habere,
1158 609 1428 674 operam
1457 587 1660 667 dabit,
1691 609 1774 654 ne
1801 587 2119 654 emortuis
2145 588 2493 655 arboribus
2519 604 2802 657 rarescat
2829 614 2910 659 ac

438 695 721 782 primam
759 717 1096 782 quamque
1134 695 1318 760 senio
1357 716 1433 761 ac
1470 709 1859 781 tempestate
1899 694 2232 761 adflictam
2269 710 2688 763 summoueat
2726 712 2794 765 et
2835 699 2908 764 in

436 803 655 868 uicem
684 801 1016 867 nouellam
1046 800 1350 867 subolem
1380 800 1756 868 substituat.
1790 801 1861 867 id
1892 815 2114 868 autem
2145 802 2334 868 facile
2364 804 2682 890 consequi
2713 818 2908 891 pote-

437 909 543 989 rit,
585 908 641 974 si
681 908 1018 974 ulmorum
1055 906 1483 974 seminarium
1522 922 1824 994 paratum
1864 907 2189 988 habuerit;
2232 910 2415 995 quod
2457 909 2800 996 quomodo
2841 926 2910 978 et

437 1015 651 1103 qualis
680 1015 937 1101 generis
965 1014 1347 1081 faciendum
1377 1015 1481 1094 sit,
1515 1037 1653 1080 non
1684 1014 1935 1101 pigebit
1966 1015 2278 1102 deinceps
2308 1017 2704 1103 praecipere.

329 1153 394 1190 10
524 1143 564 1188 2
608 1122 960 1188 Vlmorum
1002 1121 1136 1188 duo
1168 1144 1310 1187 esse
1342 1143 1581 1208 genera
1612 1121 1945 1200 conuenit,
1984 1121 2317 1189 Gallicum
2348 1136 2415 1189 et
2446 1125 2907 1192 uernaculum.

439 1228 607 1295 illud
631 1228 876 1310 Atinia,
910 1228 1038 1295 hoc
1068 1243 1324 1295 nostras
1357 1229 1617 1295 dicitur.
1646 1229 1941 1295 Atiniam
1970 1230 2233 1295 ulmum
2262 1229 2640 1297 Tremelius
2673 1231 2912 1298 Scrofa

439 1358 575 1401 non
604 1335 774 1401 ferre
803 1357 1144 1414 sameram,
1177 1334 1362 1422 quod
1389 1349 1489 1401 est
1517 1357 1745 1402 semen
1773 1336 1915 1401 eius
1944 1336 2216 1415 arboris,
2246 1336 2413 1402 falso
2442 1351 2542 1404 est
2569 1338 2908 1424 opinatus3

439 1465 595 1510 nam
621 1443 934 1508 rariorem
959 1442 1100 1509 sine
1128 1441 1336 1509 dubio
1361 1456 1536 1509 creat
1562 1456 1628 1508 et
1654 1441 1901 1509 idcirco
1926 1443 2258 1530 plerisque
2283 1457 2350 1510 et
2375 1444 2613 1510 sterilis
2637 1444 2911 1512 uidetur

441 1549 806 1616 seminibus
831 1550 999 1615 inter
1021 1549 1349 1629 frondem,
1378 1572 1581 1636 quam
1604 1550 1818 1636 prima
1839 1550 2313 1636 germinatione
2336 1550 2494 1631 edit,
2522 1550 2904 1619 latentibus.

330 1688 352 1724 ι
362 1686 392 1736 5
437 1657 661 1743 itaque
704 1678 902 1722 nemo
948 1657 1319 1735 <Atin>iam
1360 1657 1517 1723 serit
1551 1679 1634 1722 ex
1666 1667 1997 1743 <s>amera
2027 1656 2146 1723 sed
2175 1680 2257 1723 ex
2286 1657 2655 1738 subolibus;
2726 1680 2779 1742 3
2809 1673 2909 1726 est

441 1777 663 1830 autem
700 1763 923 1829 ulmus
961 1763 1153 1849 longe
1192 1763 1418 1830 laetior
1455 1777 1521 1830 et
1560 1764 1890 1850 procerior
1929 1786 2132 1850 quam
2168 1778 2424 1830 nostras
2459 1764 2905 1853 frondemque

441 1870 896 1937 iocundiorem
946 1869 1167 1937 bubus
1218 1870 1506 1957 praebet,
1562 1893 1694 1957 qua
1743 1893 1899 1937 cum
1948 1870 2223 1937 adsidue
2272 1893 2475 1957 pecus
2525 1873 2792 1958 paueris
2841 1887 2908 1940 et

441 1990 668 2063 postea
710 1976 967 2062 generis
1011 1977 1275 2043 alterius
1318 1976 1626 2043 frondem
1671 1977 1826 2043 dare
1869 1977 2248 2057 institueris,
2295 1978 2637 2044 fastidium
2682 1979 2907 2046 bubus

441 2083 717 2150 adferes.
809 2104 851 2166 4
893 2084 1136 2170 itaque,
1168 2084 1223 2150 si
1250 2083 1393 2150 fieri
1420 2085 1682 2171 poterit,
1712 2098 1932 2151 totum
1957 2106 2190 2170 agrum
2217 2106 2454 2170 genere
2481 2107 2618 2151 uno
2640 2086 2905 2177 Atiniae

327 2220 397 2257 20
440 2190 606 2257 ulmi
632 2212 1073 2270 conseremus;
1102 2191 1158 2256 si
1183 2191 1424 2271 minuS,
1456 2190 1763 2257 dabimus
1789 2212 2078 2277 operam,
2106 2204 2183 2257 ut
2208 2192 2280 2258 in
2304 2191 2651 2258 ordinibus
2677 2193 2904 2280 dispo-

444 2297 680 2363 nendis
721 2298 861 2384 pari
903 2320 1181 2364 numero
1223 2297 1608 2364 uernaculas
1649 2311 1715 2364 et
1750 2298 2007 2364 Atinias
2047 2298 2466 2378 alternemus;
2510 2299 2601 2365 ita
2640 2322 2905 2387 semper

442 2404 647 2470 mixta
694 2403 928 2471 fronde
976 2418 1242 2470 utemur
1290 2418 1356 2471 et
1404 2404 1593 2491 quasi
1642 2405 1770 2471 hoc
1817 2405 2244 2471 condimento
2290 2404 2566 2471 inlectae
2614 2406 2906 2493 pecudes

442 2511 680 2577 fortius
733 2511 904 2576 iusta
958 2511 1356 2578 cibariorum
1410 2510 1781 2578 conficient.
1840 2510 1958 2577 sed
2011 2511 2221 2577 uitem
2275 2512 2557 2578 maxime
2614 2515 2906 2599 populus

443 2616 707 2685 uidetur
737 2618 927 2699 alere,
963 2617 1201 2685 deinde
1231 2618 1473 2698 ulmus,
1507 2632 1659 2704 post
1688 2619 1887 2684 etiam
1915 2618 2229 2684 fraxinus.
2317 2637 2364 2700 5
2406 2618 2718 2705 populus,
2753 2621 2906 2707 quia

332 2753 397 2803 ας
445 2747 657 2791 raram
699 2746 914 2811 neque
956 2724 1264 2791 idoneam
1305 2725 1613 2791 frondem
1655 2725 1877 2812 pecori
1919 2724 2207 2811 praebet,
2253 2747 2293 2791 a
2332 2725 2664 2812 plerisque
2708 2749 2905 2813 repu-

445 2832 621 2898 diata
652 2846 770 2899 est.
806 2831 1120 2912 fraxinus,
1159 2832 1315 2919 quia
1347 2832 1561 2919 capris
1594 2846 1660 2899 et
1693 2832 1935 2899 ouibus
1967 2832 2333 2919 gratissima
2365 2846 2465 2899 est
2499 2854 2622 2899 nec
2655 2834 2905 2900 inutilis

445 2938 687 3019 bubus,
717 2938 877 3005 locis
903 2939 1149 3025 asperis
1175 2953 1241 3005 et
1267 2938 1608 3018 montosis,
1639 2939 1884 3026 quibus
1911 2940 2132 3006 minus
2159 2939 2434 3005 laetatur
2459 2939 2703 3019 ulmus,
2734 2954 2904 3007 recte

445 3046 700 3112 seritur.
740 3046 982 3125 ulmus,
1023 3046 1179 3132 quia
1213 3060 1278 3112 et
1314 3031 1522 3112 uitem
1559 3045 2092 3112 commodissime
2129 3046 2377 3132 patitur
2410 3060 2477 3113 et
2511 3046 2902 3113 iocundissi-

445 3176 633 3219 mum
676 3152 997 3239 pabulum
1040 3153 1261 3220 bubus
1304 3152 1517 3219 adfert
1560 3153 1890 3239 uariisque
1933 3152 2284 3239 generibus
2326 3152 2449 3218 soli
2492 3154 2824 3239 prouenit,
2870 3176 2905 3219 a

331 3290 401 3339 30
445 3260 775 3347 plerisque
813 3260 1196 3346 praefertur.
1238 3260 1480 3346 itaque,
1521 3259 1630 3326 cui
1668 3259 2014 3326 arbustum
2050 3281 2306 3325 nouum
2343 3259 2685 3326 instituere
2722 3260 2906 3326 cordi

446 3367 589 3446 erit,
624 3367 970 3433 seminaria
1000 3367 1337 3433 ulmorum
1368 3366 1475 3432 uel
1506 3366 1916 3432 fraxinorum
1947 3379 2259 3452 parentur
2290 3388 2366 3431 ea
2398 3366 2668 3445 ratione,
2704 3388 2910 3453 quam

426 3474 759 3560 deinceps
786 3473 1315 3560 subscripsimus.
1348 3495 1503 3539 nam
1531 3472 1765 3559 populi
1791 3472 2029 3538 melius
2055 3472 2511 3540 cacuminibus
2538 3472 2609 3539 in
2636 3473 2907 3539 arbusto

449 3580 751 3667 protinus
782 3580 1246 3666 disponuntur.

518 3775 572 3828 6:
608 3792 629 3826 1
657 3785 742 3839 pr.
773 3774 1057 3839 sume
1091 3802 1129 3811 -
1168 3788 1201 3839 7
1230 3774 1410 3827 uicem
1438 3775 1714 3826 nouellam
1740 3774 1868 3826 A⁸R
1895 3773 2017 3825 uice
2044 3774 2323 3825 nouellam
2349 3773 2389 3826 S
2415 3773 2600 3826 uicino
2623 3773 2815 3825 uillam
2834 3773 2909 3825 A¹

449 3891 487 3901 -
521 3865 771 3917 sobolem
804 3864 920 3916 S'R
953 3891 990 3900 -
1027 3864 1060 3916 8
1085 3864 1423 3916 mulmorum
1449 3863 1524 3915 A²
1560 3891 1597 3900 -
1633 3864 1785 3928 quod
1812 3863 2096 3928 quomodo
2123 3877 2165 3930 γ
2189 3879 2419 3927 quoquo
2443 3863 2614 3914 modo
2639 3862 2731 3915 SA
2757 3863 2908 3927 quod

450 3970 678 4019 quoquo
702 3953 871 4005 modo
889 3952 913 4017 j
939 3953 1091 4017 quod
1117 3964 1171 4004 et
1197 3969 1426 4017 quoquo
1450 3953 1620 4005 modo
1644 3951 1729 4004 ho
1762 3979 1799 3989 -
1835 3969 1868 4017 9
1893 3953 2099 4016 picebit
2122 3952 2197 4003 A¹
2233 3978 2270 3988 -
2312 3968 2368 4003 ιι
2400 3952 2585 4003 Atinia
2608 3951 2661 4003 A
2694 3978 2733 3987 -
2768 3951 2909 4003 Tre-

449 4042 666 4094 mellius
685 4042 790 4094 AR
823 4069 862 4079 -
902 4058 965 4094 12
987 4042 1129 4094 ferre
1149 4059 1417 4093 sameram
1438 4040 1546 4107 SAj
1570 4042 1712 4094 ferre
1733 4041 1871 4105 (fere
1891 4042 1945 4105 r)
1966 4058 2235 4093 samaram
2256 4040 2361 4105 (fa·
2382 4041 2444 4103 ο)
2466 4039 2594 4092 Βλσ
2626 4067 2664 4076 -
2706 4057 2767 4104 13
2790 4040 2909 4093 sine

447 4132 502 4184 R
536 4132 735 4183 semini
771 4131 863 4184 SA
895 4158 934 4167 —
976 4147 996 4182 x
1006 4146 1035 4195 5
1075 4131 1320 4183 Atiniam
1357 4131 1488 4183 serit
1523 4131 1706 4195 scripsi
1741 4130 1931 4183 inserit
1967 4130 2059 4182 SA
2095 4129 2206 4181 iam
2241 4131 2373 4182 serit
2408 4130 2460 4181 R
2493 4156 2532 4165 -
2566 4146 2778 4181 samem
2815 4129 2908 4182 ἢῆ

450 4238 630 4272 amere
655 4220 747 4272 SA
769 4237 949 4272 amera
972 4218 1114 4286 Ιιὶλρ
1138 4237 1319 4272 amara
1342 4218 1406 4283 ty
1429 4230 1638 4272 samara
1661 4236 1696 4284 9
1721 4236 1872 4271 amer
1895 4233 1934 4272 a
1968 4246 2007 4256 -
2040 4220 2139 4272 sed
2162 4236 2230 4270 ex
2253 4237 2352 4271 om.
2379 4217 2512 4283 SAj¹
2547 4245 2586 4255 -
2620 4219 2905 4271 sobolibus

450 4308 592 4374 s¹b9
626 4336 664 4346 -
705 4323 767 4372 17
802 4310 1181 4361 iucundiorem
1213 4307 1469 4374 Anime
1504 4336 1542 4345 -
1577 4310 1802 4373 praebet
1834 4326 1934 4362 om.
1968 4308 2060 4361 SA
2093 4335 2132 4345 -
2166 4325 2275 4373 qua
2307 4307 2434 4360 Ιιλσ
2463 4324 2573 4372 que
2603 4307 2698 4360 SA
2728 4308 2858 4372 quia
2883 4306 2908 4372 j

448 4425 486 4435 -
520 4398 736 4462 paueris
759 4399 799 4451 S
819 4398 1063 4462 parueris
1085 4398 1138 4450 A
1158 4398 1354 4450 alueris
1375 4399 1427 4450 R
1447 4425 1486 4434 -
1514 4398 1579 4450 18
1602 4398 1790 4450 darem
1811 4398 1927 4451 S¹A
1946 4424 1985 4434 —
2012 4413 2076 4460 19
2098 4398 2274 4449 adfert
2295 4398 2347 4449 R
2369 4424 2407 4433 -
2431 4413 2500 4450 22
2523 4396 2727 4449 inlecto
2747 4397 2852 4449 AR
2873 4424 2911 4433 -

451 4502 516 4550 23
543 4488 683 4540 iusta
704 4486 748 4539 d
766 4488 916 4539 iuxta
937 4488 1080 4540 SAR
1113 4514 1152 4523 -
1185 4487 1515 4540 ciuariorum
1537 4487 1578 4540 S
1612 4514 1651 4524 —
1686 4488 1753 4540 26
1775 4504 1918 4551 quae
1937 4487 1989 4538 R
2023 4513 2062 4522 -
2083 4486 2404 4550 grauissima
2423 4484 2753 4555 Ahjmfpya
2778 4513 2816 4522 -
2839 4499 2908 4550 27

455 4577 761 4629 montuosis
784 4577 839 4629 R
871 4603 909 4613 -
945 4577 1013 4630 28
1038 4576 1498 4629 iucundissimum
1521 4575 1818 4641 Ahjzfyea
1852 4603 1891 4612 -
1927 4592 1996 4639 29
2020 4576 2201 4628 bubos
2224 4575 2277 4627 A
2309 4602 2348 4612 —
2385 4591 2454 4639 30
2478 4575 2714 4628 refertur
2734 4575 2839 4627 AR
2872 4602 2911 4612 -

526 4664 959 4718 iRsiSom.A
993 4693 1031 4703 -
1068 4682 1129 4729 31
1162 4663 1452 4731 esthjzpy
1484 4692 1523 4703 -
1561 4665 1969 4730 34pibaliaoA
2002 4692 2040 4702 -
2076 4666 2143 4730 36
2171 4665 2481 4717 areamAR
2514 4691 2553 4701 -
2588 4664 2908 4717 ameramR
