3109 5559
482 265 603 312 102
733 245 813 311 L.
848 245 1000 310 Iuni
1032 244 1371 310 Moderati
1401 244 1809 311 Columellae

479 444 655 501 cura,
702 421 1023 509 plurimae
1064 422 1292 489 salices
1334 422 1687 501 intereunt,
1732 444 2016 509 quarum
2057 423 2127 488 in
2170 422 2391 489 locum
2432 445 2514 489 ex
2556 423 2946 512 propinquo

478 528 719 614 mergis
746 529 1092 616 propagari
1121 528 1367 595 debent
1394 542 1667 594 curuata
1693 542 1761 595 et
1788 528 2050 595 defossa
2076 529 2437 609 cacumina,
2468 529 2719 617 quibus
2747 532 2944 597 roeti-

362 664 436 714 40
476 648 701 701 tuatur
747 634 1067 722 quicquid
1114 634 1464 701 intercidit.
1515 635 1861 701 anniculus
1908 635 2148 702 deinde
2196 658 2461 723 mergus
2508 637 2859 703 decidatur
2907 660 2947 703 a

478 741 702 829 stirpe,
735 755 811 808 ut
840 742 977 807 suis
1007 741 1337 808 radicibus
1366 755 1709 828 tamquam
1737 742 1893 808 uitis
1924 742 2008 807 ali
2037 742 2265 829 possit.

344 1002 436 1079 31
486 988 1042 1056 Genistaesatio

567 1171 609 1213 r
646 1149 949 1216 Perarida
977 1149 1139 1230 loca,
1172 1172 1340 1237 quae
1367 1171 1577 1236 genus
1605 1150 1675 1216 id
1703 1149 2144 1237 uirgultorum
2171 1173 2307 1218 non
2338 1151 2685 1239 recipiunt,
2717 1152 2943 1238 genis-

479 1270 616 1323 tam
653 1256 1007 1343 postulant.
1047 1257 1208 1336 eiuS‚
1247 1278 1403 1322 eum
1438 1257 1524 1323 sit
1559 1258 1715 1323 satis
1749 1255 2039 1337 firmum,
2076 1271 2226 1324 tum
2259 1257 2460 1324 etiam
2495 1258 2944 1325 lentissimum

477 1377 576 1429 est
627 1362 991 1429 uinculum.
1046 1363 1283 1429 seritur
1332 1377 1555 1430 autem
1605 1363 1875 1443 semine,
1931 1363 2113 1451 quod
2163 1386 2320 1431 cum
2370 1378 2469 1430 est
2519 1378 2774 1445 natum,
2833 1366 2944 1432 uel

401 1498 431 1548 ς
479 1468 771 1536 defertur
801 1469 981 1536 bima
1011 1469 1356 1549 uiuiradix,
1391 1470 1498 1535 uel
1529 1470 1772 1550 relicta,
1807 1492 1963 1536 cum
1993 1471 2063 1537 id
2093 1484 2359 1558 tempus
2390 1471 2684 1551 excessit,
2720 1472 2942 1538 omni-

476 1575 604 1642 bus
639 1576 828 1641 annis
862 1598 1045 1643 more
1081 1577 1317 1662 segetis
1351 1577 1532 1642 iuxta
1565 1591 1808 1643 terram
1843 1577 2087 1643 demeti
2122 1590 2359 1664 potest.
2399 1591 2614 1644 cetera
2647 1577 2939 1657 uincula,

478 1682 696 1769 qualia
723 1697 878 1749 sunt
905 1705 987 1749 ex
1016 1683 1204 1762 rubo,
1236 1683 1554 1749 maiorem
1582 1705 1872 1770 operam,
1904 1684 2021 1750 sed
2050 1683 2120 1749 in
2149 1705 2356 1770 egeno
2385 1698 2608 1751 tamen
2637 1706 2940 1750 necoesa-

476 1789 662 1867 riam,
699 1789 987 1875 exigunt.
1079 1810 1120 1855 2
1164 1789 1490 1877 perticalis
1522 1789 1660 1856 fere
1694 1790 1856 1855 salix
1886 1790 2176 1856 eundem
2209 1812 2460 1877 agrum,
2498 1812 2701 1877 quem
2735 1790 2940 1857 uimi-

477 1895 662 1975 naliS,
702 1895 1047 1976 desiderat,
1087 1896 1318 1962 melior
1353 1910 1576 1963 tamen
1612 1896 1800 1982 riguo
1838 1897 2164 1983 prouenit.
2205 1911 2403 1984 atque
2439 1919 2515 1963 ea
2551 1897 2738 1963 taleis
2774 1919 2939 1964 con-

369 2032 434 2068 ιο
477 2002 714 2068 seritur
757 2016 843 2082 et,
890 2023 1046 2068 cum
1089 2002 1501 2089 germinauit‚
1549 2003 1634 2069 ad
1678 2025 1882 2069 unam
1925 2003 2242 2089 perticam
2286 2003 2743 2083 summittitur,
2791 2025 2938 2070 cre-

477 2108 727 2196 breque
758 2108 1010 2175 foditur
1041 2123 1237 2196 atque
1270 2108 1684 2189 exherbatur,
1720 2131 1841 2176 nec
1873 2110 2095 2176 minus
2128 2132 2330 2197 quam
2361 2110 2555 2176 uinea
2586 2110 2938 2197 pampina-

475 2229 604 2295 tur,
648 2230 723 2283 ut
762 2215 832 2281 in
872 2215 1354 2302 longitudinem
1393 2216 1616 2302 potius
1657 2238 1859 2304 quam
1898 2216 1968 2282 in
2008 2215 2424 2283 latitudinem
2463 2229 2796 2283 euocetur.
2842 2217 2939 2283 sic

478 2322 654 2388 culta
697 2336 932 2409 quarto
975 2322 1249 2388 demum
1293 2345 1467 2388 anno
1512 2322 1825 2389 oeeditur.
1908 2343 1958 2405 3
2001 2345 2158 2389 nam
2202 2345 2370 2410 quae
2415 2322 2699 2389 uinculis
2743 2345 2936 2409 prae-

476 2442 761 2516 paratur,
794 2443 1012 2516 potest
1040 2429 1345 2495 annicula
1372 2429 1662 2516 praecidi
1691 2429 1775 2495 ad
1805 2429 2146 2496 semissem
2173 2451 2373 2516 super
2402 2429 2572 2495 duos
2601 2428 2827 2515 pedes,
2862 2442 2938 2495 ut

368 2564 428 2614 ις
476 2549 543 2601 et
579 2549 814 2602 trunco
853 2535 1118 2602 fruticet
1154 2550 1221 2603 et
1258 2536 1328 2601 in
1366 2535 1632 2602 brachia
1669 2536 1853 2603 uelut
1889 2535 2159 2602 humilis
2195 2536 2390 2602 uinea
2428 2535 2840 2623 disponatur;
2879 2535 2937 2601 si

473 2655 695 2708 tamen
726 2641 958 2708 siccior
988 2641 1187 2709 fuerit
1217 2664 1388 2729 ager,
1421 2642 1602 2709 bima
1632 2643 1853 2729 potius
1884 2642 2300 2709 resecabitur.

335 2883 434 2961 32
474 2870 919 2938 Harundinis
947 2871 1132 2939 satio

562 3053 602 3095 r
648 3032 970 3098 Harundo
1014 3032 1235 3099 minus
1277 3034 1407 3100 alto
1450 3034 1796 3120 pastinato,
1842 3033 2077 3099 melius
2118 3047 2340 3100 tamen
2383 3032 2628 3120 bipalio
2670 3033 2930 3100 seritur.

473 3161 569 3218 ea,
607 3160 763 3204 cum
796 3139 881 3205 sit
915 3139 1332 3205 uiuacissima
1366 3162 1488 3206 nec
1523 3154 1778 3207 recuset
1812 3139 2023 3207 ullum
2058 3140 2299 3219 locum,
2338 3139 2718 3226 prosperius
2754 3161 2931 3206 reso·

473 3245 613 3311 luto
657 3267 859 3332 quam
901 3245 1127 3325 dens0‚
1174 3246 1449 3313 humido
1494 3269 1696 3334 quam
1738 3247 1932 3326 sicce,
1977 3246 2261 3312 uallibus
2304 3268 2507 3333 quam
2549 3246 2760 3325 cliuiS,
2805 3245 2931 3312 flu-

544 3456 632 3507 31:
658 3457 759 3506 2-3
787 3441 990 3494 Colum.
1015 3442 1126 3494 arb.
1153 3454 1276 3504 29,r

544 3546 633 3597 32:
670 3547 773 3595 2—9
808 3530 1002 3595 Thphr.
1033 3531 1144 3584 ΗΡ
1169 3542 1411 3593 4,n,r3,·
1441 3529 1582 3582 Cato
1608 3547 1719 3595 agr.
1752 3530 1939 3593 6,3-4,·
1975 3530 2145 3582 Varro
2172 3539 2297 3582 nist.
2330 3541 2538 3593 1‚24,4;
2568 3528 2773 3581 Colum.
2805 3528 2915 3581 arb.

475 3632 572 3684 ²9:
593 3619 731 3672 Plin.
755 3629 866 3672 nat.
891 3632 1115 3683 17,144;
1137 3619 1345 3672 Pallad.
1370 3631 1523 3683 3‚23;
1548 3619 1651 3684 Gp.
1676 3631 1802 3682 5,53
1837 3646 1875 3656 -
1911 3619 2085 3683 25-26
2107 3619 2246 3671 Ptin.
2271 3629 2381 3671 nat.
2408 3617 2601 3682 17,262

473 3824 512 3834 -
546 3811 614 3862 37
635 3798 919 3850 adibeatur
937 3797 999 3850 S²
1034 3825 1072 3834 -
1109 3798 1176 3861 38
1197 3798 1419 3862 plurimi
1442 3797 1534 3850 SA
1568 3823 1607 3833 -
1641 3798 1912 3850 intereont
1931 3797 1994 3850 S¹
2028 3823 2067 3833 -
2101 3797 2346 3849 loeoAR
2376 3822 2416 3833 -
2453 3812 2520 3861 39
2540 3812 2842 3860 propagare
2861 3794 2924 3847 S¹

472 3913 511 3923 -
545 3903 617 3951 40
645 3887 897 3951 quicquit
925 3885 1022 3940 Ah
1054 3913 1093 3923 -
1129 3887 1416 3940 intercidat
1447 3887 1539 3939 SA
1569 3887 1804 3939 intendit
1832 3900 1867 3952 ρ
1896 3886 2171 3939 interdicit
2201 3901 2240 3951 y
2273 3912 2312 3922 -
2344 3902 2409 3950 41
2444 3885 2587 3950 stipe
2610 3883 2927 3949 S²Ah²trye

473 4003 511 4013 -
545 3976 619 4028 sis
639 3977 731 4041 Ay
764 4002 803 4012 -
838 3976 906 4028 ali
927 3976 1100 4040 possit
1120 3976 1174 4027 R
1192 3977 1365 4040 prosit
1387 3975 1480 4029 SA

544 4080 633 4130 31:
678 4082 698 4117 1
726 4075 809 4130 pr.
839 4064 1144 4130 SAhmfyc
1177 4091 1216 4101 -
1252 4081 1281 4129 3
1311 4066 1430 4117 eius
1456 4065 1510 4116 R
1534 4066 1659 4128 plus
1686 4064 1777 4117 SA
1810 4091 1848 4101 -
1881 4081 1917 4128 4
1943 4064 2181 4117 seruitur
2206 4063 2321 4116 S²A
2354 4089 2393 4099 -
2429 4079 2457 4127 5
2488 4062 2642 4115 radix
2667 4062 2762 4115 SA
2794 4089 2834 4100 -
2869 4062 2925 4114 id

472 4153 601 4206 Ιιλσ
616 4165 677 4207 ut
694 4154 786 4207 SA
801 4155 891 4206 uel
901 4153 925 4219 j
962 4181 1000 4190 -
1034 4168 1068 4219 7
1086 4170 1311 4219 operam
1326 4155 1402 4207 bis
1418 4154 1493 4206 A²
1528 4180 1568 4190 -
1602 4170 1635 4217 9
1652 4154 1774 4206 talis
1793 4153 1884 4206 SA
1899 4154 2032 4206 tales
2050 4151 2201 4218 h¹ilu
2230 4179 2269 4189 -
2309 4168 2371 4205 12
2384 4162 2505 4217 post
2522 4152 2928 4216 longitudinem

476 4243 598 4295 add.
622 4260 901 4295 ramorum
919 4243 973 4294 R
1005 4270 1043 4279 -
1078 4243 1366 4296 latitudine
1386 4243 1426 4295 S
1460 4270 1498 4279 -
1533 4254 1795 4296 euocatur
1812 4241 1882 4308 Αἱ
1918 4270 1956 4280 -
1986 4260 2049 4307 14
2070 4242 2322 4295 adnicula
2340 4241 2432 4294 SA
2452 4267 2491 4277 -
2520 4257 2580 4307 ις
2604 4251 2658 4293 et
2679 4242 2828 4305 (ante
2847 4240 2926 4304 in)

475 4334 529 4385 R
550 4333 648 4385 sed
673 4332 764 4385 SA
797 4358 836 4368 -
871 4333 1234 4396 disponantur
1257 4332 1319 4385 S²

547 4437 635 4488 32:
678 4439 698 4474 ι
725 4431 809 4486 pr.
837 4420 1114 4487 SAhblyc
1148 4448 1186 4458 -
1220 4421 1516 4474 harundini
1541 4421 1582 4473 S
1615 4447 1653 4456 -
1682 4436 1715 4474 2
1740 4420 1992 4473 harundo
2016 4419 2257 4486 smine
2283 4420 2540 4472 itarundo
2565 4418 2627 4471 S¹
2652 4418 2926 4472 idamndo

479 4510 595 4576 Ary
622 4511 679 4563 id
706 4511 959 4563 harundo
986 4524 1025 4563 a
1057 4537 1096 4547 -
1129 4527 1165 4574 4
1193 4510 1365 4563 denso
1389 4511 1443 4562 R
1469 4510 1537 4562 de
1565 4527 1667 4562 suo
1694 4510 1785 4562 SA
1818 4535 1857 4545 -
1890 4510 2122 4562 humido
2148 4509 2264 4562 S⁸R
2288 4508 2521 4561 numido
2547 4507 2664 4560 S¹A
2697 4534 2736 4545 -
2769 4507 2927 4560 cliuis

475 4599 645 4664 ed.pr.
676 4599 800 4652 duis
828 4599 891 4652 S¹
919 4600 1102 4652 dumis
1130 4599 1297 4652 S¹AR
1329 4626 1367 4636 -
1403 4615 1432 4665 5
1463 4599 1687 4652 ueribus
1715 4599 1768 4651 A
1800 4625 1839 4635 -
1874 4599 1907 4650 6
1936 4599 2129 4651 feritur
2154 4598 2228 4650 A¹
2263 4625 2301 4634 -
2336 4598 2519 4650 bubus
2545 4596 2622 4650 A¹
2656 4623 2696 4634 -
2729 4597 2927 4650 seritur
