3109 5559
826 205 940 250 REI
974 204 1296 252 RVSTICAE
1329 204 1458 250 LIB.
1493 204 1570 250 1x
1600 204 1657 250 C.
1697 206 1728 249 1
1764 204 1849 249 ET
1880 205 1916 252 2
2414 204 2494 268 73

244 366 415 429 uulis
477 367 703 429 areolis
765 386 878 447 per
939 367 1192 429 diuersa
1253 366 1466 446 spatia
1528 366 1717 429 factis
1777 366 2143 439 iniciantur,
2209 367 2495 447 itemque

246 473 563 535 Punicum
613 474 776 536 cicer
825 473 930 535 uel
977 474 1099 534 hoc
1149 473 1585 545 uernaculum,
1637 492 1754 535 nec
1803 473 2016 535 minus
2065 473 2377 535 hordeum
2427 480 2494 536 et

243 581 556 643 cicercula
576 579 839 642 condita
859 599 940 641 ex
962 580 1187 641 horreo
1209 586 1592 659 promantur
1610 586 1677 641 et
1699 599 1871 659 aqua
1892 579 2149 642 caelesti
2170 587 2496 642 macerata

242 686 628 749 obiciantur.
660 706 813 748 nam
840 686 1007 749 sicca
1034 705 1163 748 non
1192 686 1383 748 nimis
1410 687 1495 747 ab
1524 685 1864 765 lepusculis
1891 686 2307 766 adpetuntur.
2337 687 2495 748 haec
2516 696 2554 758 9

185 812 219 859 5
243 812 438 873 porro
457 793 760 856 animalia
782 793 887 854 uel
905 792 1136 854 similia
1155 793 1273 864 his,
1295 792 1494 854 etiam
1513 792 1739 855 silente
1758 812 1882 864 me,
1904 792 2090 854 facile
2108 774 2499 873 intellegitur

244 919 446 979 quam
475 919 603 961 non
632 899 934 979 expediat
962 898 1248 961 conferre
1276 899 1345 960 in
1372 898 1694 961 uiuarium
1725 899 1901 979 quod
1926 899 2203 961 uacerris
2231 899 2498 962 circum-

244 1007 478 1067 datum
509 1012 627 1077 est,
661 1005 976 1086 siquidem
1008 1012 1271 1085 propter
1300 1005 1721 1084 exiguitatem
1753 1005 2033 1084 corporis
2063 1005 2248 1067 facile
2279 1005 2498 1068 clatris

243 1113 602 1192 subrepunt
632 1119 697 1174 et
728 1112 958 1174 liberos
986 1119 1224 1174 nancta
1252 1131 1537 1191 egressus
1566 1112 1788 1191 fugam
1816 1112 2192 1173 moliuntur.

328 1218 532 1280 Venio
568 1238 737 1280 nunc
773 1218 859 1280 ad
893 1219 1186 1281 aluorum
1221 1238 1462 1290 curam,
1501 1218 1581 1279 de
1618 1218 1851 1298 quibus
1886 1237 2092 1298 neque
2128 1217 2497 1297 diligentius
2514 1211 2560 1271 2
2621 1218 2705 1274 De
2733 1218 2924 1281 nvibus

148 1345 223 1379 10
243 1324 594 1405 quicquam
625 1324 909 1404 praecipi
938 1331 1154 1404 potest
1186 1344 1384 1404 quam
1408 1326 1493 1386 ab
1519 1325 1779 1404 Hygino
1804 1325 1935 1386 iam
1958 1324 2206 1386 dictum
2231 1331 2350 1396 est,
2379 1344 2496 1386 nec

242 1430 536 1492 ornatius
579 1451 775 1511 quam
818 1430 1114 1510 Vergilio,
1160 1450 1276 1492 nec
1317 1430 1670 1510 elegantius
1712 1450 1909 1510 quam
1952 1431 2149 1493 Celso.
2199 1431 2496 1510 Hyginus

242 1544 540 1599 ueterum
581 1545 918 1600 auctorum
958 1537 1197 1617 placita
1236 1537 1494 1600 secretis
1533 1537 1817 1617 dispersa
1855 1537 2272 1599 monimentis
2310 1537 2495 1600 indu-

242 1643 399 1706 strie
456 1644 714 1724 colligit,
773 1644 1086 1724 Vergilius
1142 1643 1409 1723 poeticis
1464 1643 1731 1705 floribus
1786 1643 2217 1715 inluminauit,
2276 1643 2495 1705 Celsus

243 1750 581 1830 utriusque
620 1750 959 1812 memorati
999 1750 1294 1812 adhibuit
1335 1750 1621 1811 modum.
1666 1769 1862 1829 quare
1903 1768 1982 1811 ne
2023 1750 2493 1829 adtemptanda
2513 1762 2550 1806 2

150 1878 218 1926 15
242 1856 508 1936 quidem
549 1857 734 1919 nobis
773 1857 897 1918 fuit
938 1857 1096 1918 haec
1137 1856 1594 1936 disputationis
1633 1856 1924 1928 materia,
1967 1856 2088 1918 nisi
2129 1857 2304 1936 quod
2343 1876 2493 1918 con-

241 1963 594 2025 summatio
624 1970 958 2043 susceptae
990 1962 1398 2042 professionis
1428 1963 1596 2024 hanc
1628 1981 1884 2042 quoque
1916 1962 2014 2024 sui
2046 1969 2299 2042 partem
2331 1962 2493 2024 desi-

322 2266 345 2300 1
381 2253 579 2302 arealis
606 2247 795 2321 d²qnx²
831 2252 1039 2303 arcolis
1066 2247 1088 2300 1
1115 2251 1305 2301 ariolis
1333 2260 1387 2301 ω
1416 2251 1617 2302 oreolis
1646 2260 1682 2308 y
1880 2251 2130 2302 diuersas
2158 2247 2231 2300 Δι
2409 2253 2494 2302 in-

240 2342 506 2404 iciantur]
542 2341 851 2405 largiantur
880 2349 916 2398 p
1097 2354 1127 2389 2
1161 2341 1249 2391 uel
1276 2341 1337 2390 in
1368 2341 1474 2392 hoc
1506 2348 1555 2391 α
1715 2341 2076 2391 uernaculum
2106 2335 2163 2397 tn
2194 2341 2494 2391 uernaculo

238 2425 379 2480 SAR
555 2431 786 2480 ordeum
815 2425 867 2479 R
895 2430 1097 2494 aliquot
1273 2431 1352 2491 et]
1384 2430 1442 2479 in
1474 2426 1693 2498 nfiqnffl
1883 2442 1915 2491 3
1946 2429 2213 2480 cicerculo
2241 2425 2316 2478 Δῑ

242 2535 278 2582 4
308 2519 473 2581 sicca]
507 2520 586 2570 sic
617 2515 834 2587 xuqm²
1049 2522 1384 2583 atpetuntur
1411 2513 1545 2568 81A²
1575 2519 1919 2582 adpetantur
1946 2513 2021 2568 ah
2048 2522 2395 2582 appetantur
2423 2514 2495 2568 ko

458 2608 614 2669 haec]
647 2621 750 2658 nec
779 2605 975 2676 u¹qm¹
1190 2621 1224 2669 5
1255 2607 1456 2657 silente
1487 2622 1577 2658 me
1606 2601 1704 2657 811¹
1733 2608 2002 2657 silentem
2030 2612 2089 2656 et
2118 2601 2220 2657 AB
2408 2609 2493 2658 in-

239 2696 518 2760 telligitur
547 2692 599 2746 R
778 2699 813 2745 6
843 2697 901 2746 in
935 2712 1037 2748 om.
1069 2692 1143 2745 Δι
1322 2701 1443 2746 ante
1474 2696 1755 2746 uiuarium
1784 2696 1907 2746 add.
1938 2697 1999 2745 id
2028 2691 2080 2745 R
2258 2711 2494 2749 uacerus

238 2781 284 2834 h
311 2799 565 2836 macerus
610 2794 647 2834 ι
693 2785 948 2836 maceriis
974 2781 1016 2835 k
1231 2799 1262 2847 7
1293 2785 1487 2849 glatris
1528 2780 1581 2833 A
1797 2785 1829 2833 8
1859 2789 2069 2835 nancta
2100 2785 2273 2834 Linde
2303 2790 2360 2849 p.
2394 2798 2492 2847 14:

238 2879 449 2926 nancte
477 2870 514 2925 Β
542 2878 710 2924 nacte
739 2868 841 2924 AB
1019 2874 1347 2924 molliuntur
1375 2869 1450 2922 At

316 2964 401 3012 De
431 2963 635 3028 apibus
682 2948 1244 3032 sAthtlamodblyooe
1292 2962 1413 3027 Que
1458 2976 1494 3011 a
1542 2963 1780 3014 diuersis
1820 2963 2146 3014 auctoribus
2176 2964 2246 3013 de
2276 2964 2492 3027 origine

238 3053 436 3116 apium
484 3053 698 3102 tradita
727 3056 860 3101 sunt
891 3047 915 3100 t
954 3052 1107 3117 Quot
1147 3057 1280 3101 sunt
1323 3065 1525 3116 genera
1565 3052 1759 3116 apium
1798 3056 1858 3100 et
1899 3052 2052 3115 quod
2093 3052 2375 3116 optimum
2422 3059 2494 3121 89

459 3155 494 3200 9
521 3141 810 3191 alueorum
861 3136 913 3190 B
963 3140 1201 3205 plerique
1254 3141 1492 3190 aliorum
1545 3136 1660 3189 vni
1933 3153 1999 3188 ιο
2027 3141 2120 3202 ab]
2179 3141 2255 3190 ob
2304 3136 2378 3189 Δι
2431 3142 2489 3190 in

238 3224 473 3299 odqqnm
688 3230 876 3292 higino
922 3225 974 3279 R
1016 3230 1254 3294 plerique
1303 3230 1454 3292 igino
1482 3225 1549 3279 zi,
1578 3229 1726 3293 igine
1754 3224 1829 3277 A²
2049 3243 2106 3278 11
2144 3230 2363 3293 uirgilio
2390 3224 2492 3280 AB

457 3319 681 3382 higinus
709 3314 761 3368 B
789 3318 1054 3383 plerique:
1086 3334 1187 3370 om.
1213 3335 1269 3369 u.
1295 3325 1377 3382 sp.
1403 3334 1447 3367 r.
1470 3315 1507 3367 ί
1692 3330 1754 3366 12
1786 3318 2000 3382 plagita
2021 3312 2129 3369 8A1
2310 3320 2490 3368 moni-

238 3408 449 3457 mentis
488 3402 564 3455 Δ*
606 3413 654 3456 et
682 3402 734 3456 B
763 3408 964 3471 aliquot
994 3408 1374 3471 monymentis
1404 3400 1513 3457 8A¹
1543 3408 1925 3457 monumentis
1951 3403 2003 3457 B
2032 3407 2275 3472 plerique

244 3509 310 3558 13
341 3496 562 3560 collegit
605 3491 664 3546 8¹
707 3501 755 3544 et
783 3491 835 3545 R
863 3496 1065 3560 aliquot
1099 3496 1191 3559 (ad
1219 3496 1582 3546 uariationem
1612 3501 1908 3560 temporum
1938 3497 2019 3557 etr
2047 3511 2157 3559 e.g.
2192 3510 2242 3560 9,
2264 3510 2351 3559 14,
2373 3496 2404 3546 6
2437 3503 2488 3546 et

238 3597 328 3646 14.
350 3586 448 3640 18:
478 3586 560 3646 cfr
588 3583 809 3646 Dahllo’t
840 3590 895 3649 p.
928 3587 1017 3647 21)
1201 3585 1452 3648 uirgilius
1480 3579 1607 3633 Am
1782 3586 2165 3647 inluminauit]
2200 3585 2492 3635 uolumina

235 3679 342 3725 aut
373 3673 505 3743 qnx¹
756 3687 820 3735 14
850 3688 1022 3738 quare
1070 3687 1141 3723 ne
1189 3668 1274 3723 SR
1319 3687 1492 3737 quam
1540 3687 1671 3723 rene
1719 3668 1791 3721 Α*
1839 3688 1954 3738 qua
2001 3676 2060 3724 in
2108 3689 2167 3724 re
2197 3688 2269 3724 ne
2299 3669 2491 3744 A¹zpil

236 3777 414 3827 quare
461 3776 565 3814 nec
615 3769 664 3812 α
710 3776 781 3810 ne
810 3758 831 3818 i
1048 3763 1400 3812 adtentanda
1448 3761 1536 3813 uel
1584 3764 1926 3813 attentanda
1972 3759 2024 3813 R
2060 3763 2262 3827 aliquot
2290 3777 2490 3828 accep·

234 3852 418 3902 tanda
448 3861 499 3901 w
536 3852 885 3902 attendenda
912 3849 949 3901 ί
979 3865 1052 3900 an
1097 3853 1465 3914 temperanda
1495 3860 1523 3899 s
1551 3864 1625 3900 an
1655 3853 1993 3916 temptanda
2023 3860 2058 3901 ο
2087 3866 2123 3901 a
2151 3853 2489 3917 temptanda

234 3950 297 3990 m
538 3954 600 4003 15
631 3940 796 3990 nouis
842 3935 951 3991 81A
1186 3942 1539 3991 consumatio
1586 3936 1638 3990 R
1685 3940 1927 4006 plerique
2173 3943 2239 3989 16
2267 3955 2490 4005 suscep-

234 4029 490 4093 t(a)eque
520 4024 752 4098 odqqnx²
