3109 5559
1465 96 1586 163 Rei
1618 97 1894 163 rusticae
1924 96 2038 163 lib.
2073 97 2181 162 ΙΙΙ
2212 119 2268 163 c.
2301 97 2429 183 4-6
2559 118 2634 182 31

86 303 146 351 15
180 273 404 340 laetior
438 296 590 361 ager
625 275 1069 341 conserendus
1104 288 1223 353 est,
1263 273 1455 360 longe
1491 273 1766 340 celerius
1802 274 1872 340 in
1908 273 2205 340 ubertate
2241 274 2638 341 coalescunt.

175 400 224 462 3
267 402 491 446 rursus
521 381 909 446 tenuissimo
942 380 1081 447 solo
1114 380 1449 447 uitiarium
1481 380 1693 447 facere
1725 381 1998 447 minime
2032 381 2301 447 rationis
2331 395 2450 460 est,
2486 403 2642 447 cum

182 487 633 554 malleolorum
664 509 816 574 pars
848 487 1057 553 maior
1090 487 1364 573 deperit,
1400 500 1485 566 et,
1523 509 1692 573 quae
1725 501 2042 573 superest,
2078 488 2263 553 tarde
2296 486 2373 554 fit
2406 488 2645 554 idonea

182 594 605 660 translationi.
641 616 795 680 ergo
826 593 1176 660 mediocris
1206 607 1271 660 et
1303 593 1562 659 modice
1594 593 1806 659 siccus
1837 616 1988 680 ager
2018 593 2277 660 uitiario
2309 608 2408 661 est
2441 594 2642 680 aptis-

183 700 406 767 simus.
448 701 637 787 isque
674 700 919 786 bipalio
957 700 1141 787 prius
1178 699 1394 786 subigi
1433 699 1651 780 debet,
1694 721 1862 786 quae
1900 714 2000 766 est
2037 700 2315 766 altitudo
2354 701 2642 786 pastina-

84 835 144 872 ιο
180 807 397 886 tionis,
425 829 581 873 cum
606 807 675 873 in
701 808 870 873 duos
894 807 1097 893 pedes
1121 821 1187 872 et
1211 807 1551 872 semissem
1577 807 1985 873 conuertitur
2008 806 2274 886 humuS,
2303 828 2377 873 ac
2403 807 2644 873 deinde

183 914 578 1000 tripedaneis
613 914 855 980 relictis
891 913 1138 1000 spatiis,
1178 935 1295 999 per
1331 935 1499 1000 quae
1536 913 1788 979 semina
1822 913 2221 993 excolantur,
2262 914 2332 979 in
2368 914 2644 1000 singulis

186 1020 547 1100 ordinibus,
616 1020 810 1106 (qui)
873 1021 1165 1086 ducenos
1225 1021 1680 1106 quadragenos
1740 1020 1942 1106 pedes
2002 1020 2325 1107 optinent,
2390 1021 2644 1087 sesceni

186 1126 465 1193 malleoli
528 1127 857 1213 pangendi
918 1141 1092 1192 sunt.
1185 1147 1227 1209 4
1269 1127 1325 1192 is
1387 1148 1703 1192 numerus
1764 1141 2181 1192 consummat
2244 1149 2362 1213 per
2421 1141 2641 1193 totum

187 1233 485 1319 iugerum
516 1233 847 1299 seminum
876 1233 1057 1299 milia
1087 1247 1397 1319 quattuor
1428 1247 1494 1298 et
1524 1222 1781 1319 uiginti.

90 1367 173 1416 2⁵.
267 1341 519 1406 Verum
557 1339 727 1405 hanc
765 1361 992 1406 curam
1031 1340 1369 1426 praeuenit
1408 1339 1749 1426 inquisitio
1787 1353 1855 1406 et
1892 1339 2125 1406 electio
2165 1339 2642 1421 malleolorum3

187 1469 337 1512 nam
380 1460 459 1513 ut
501 1468 694 1533 saepe
738 1447 870 1512 iam
915 1446 1155 1526 rettuli,
1204 1446 1391 1532 quasi
1436 1445 1947 1512 fundamentum
1991 1461 2089 1513 est
2134 1447 2504 1533 praedictae
2550 1448 2644 1513 rei

191 1553 727 1638 probatissimum
757 1574 965 1639 genus
996 1553 1218 1639 stirpis
1249 1552 1599 1639 deponere.

113 1734 156 1810 6
275 1769 315 1811 r
357 1748 493 1814 Sed
525 1747 757 1814 electio
791 1747 1141 1834 dupliciter
1172 1747 1469 1814 facienda
1502 1762 1620 1814 est.
1659 1770 1794 1814 non
1827 1748 2005 1814 enim
2039 1747 2256 1814 solum
2289 1748 2644 1814 fecundam

189 1876 323 1921 oese
354 1869 636 1921 matrem
667 1855 823 1921 satis
852 1869 970 1934 est,
1005 1876 1084 1919 ex
1115 1876 1247 1940 qua
1276 1855 1526 1921 semina
1557 1868 1894 1941 petuntur,
1928 1855 2045 1921 sed
2075 1853 2451 1921 adhibenda
2481 1855 2644 1922 ratio

190 1974 282 2027 est
320 1960 646 2040 subtilior,
689 1975 765 2027 ut
802 1983 882 2027 ex
922 1962 978 2026 is
1018 1960 1315 2047 partibus
1353 1961 1571 2027 trunci
1611 1975 1976 2041 sumantur,
2020 1983 2189 2048 quae
2229 1976 2295 2027 et
2332 1962 2646 2048 genitales

192 2082 340 2133 sunt
374 2082 443 2134 et
481 2068 764 2134 maxime
800 2067 1065 2133 fertiles,
1158 2088 1198 2134 2
1242 2067 1397 2134 uitis
1435 2082 1656 2134 autem
1693 2067 1995 2147 fecunda,
2037 2069 2225 2134 cuius
2262 2068 2646 2154 progeniem

126 2201 152 2248 5
192 2175 533 2240 studemus
571 2174 1000 2254 summittere,
1043 2197 1179 2240 non
1217 2188 1477 2240 tantum
1516 2174 1714 2240 debet
1752 2197 1831 2241 eo
1871 2175 2216 2254 aestimari,
2259 2174 2444 2261 quod
2481 2197 2646 2242 uuas

191 2280 524 2367 conpluris
544 2280 763 2367 exigit:
787 2295 1004 2367 potest
1024 2281 1203 2346 enim
1224 2281 1441 2347 trunci
1462 2281 1764 2347 uastitate
1787 2280 1856 2347 id
1878 2282 2170 2347 accidere
2192 2296 2258 2348 et
2276 2281 2648 2368 frequentia

192 2388 557 2472 palmitum;
594 2409 716 2454 nec
745 2402 967 2454 tamen
999 2409 1145 2453 eam
1176 2387 1461 2454 feracem
1493 2388 1791 2467 dixerim,
1827 2388 2016 2454 cuius
2048 2388 2341 2474 singulae
2374 2411 2543 2455 uuae
2576 2388 2646 2455 in

192 2493 458 2580 singulis
492 2495 837 2560 sarmentis
869 2494 1385 2580 conspiciuntur,
1421 2495 1537 2560 sed
1569 2494 1625 2560 si
1657 2516 1774 2580 per
1805 2517 2353 2581 unumquemque
2385 2495 2645 2615 pampi-

190 2622 347 2666 num
378 2600 592 2666 maior
623 2622 938 2667 numerus
969 2622 1254 2666 uuarum
1286 2601 1636 2686 dependet,
1672 2601 1728 2666 si
1759 2622 1839 2666 ex
1870 2601 2145 2687 singulis
2176 2602 2454 2687 gemmis
2486 2623 2645 2667 con-

104 2731 156 2767 ιο
194 2705 491 2790 pluribus
536 2707 823 2773 materiis
867 2729 1021 2774 cum
1066 2707 1288 2773 fructu
1332 2707 1674 2827 germinat,
1722 2707 1777 2772 si
1822 2707 2109 2794 denique
2154 2709 2352 2773 etiam
2395 2730 2432 2774 e
2478 2709 2646 2774 duro

192 2812 437 2899 uirgam
470 2835 630 2880 cum
663 2813 898 2899 aliquis
930 2814 1205 2880 racemis
1238 2814 1413 2892 citat,
1449 2813 1503 2878 si
1538 2813 1736 2879 etiam
1768 2827 2088 2900 nepotum
2122 2814 2343 2880 fructu
2376 2813 2648 2900 grauida

194 2933 304 2999 est,
335 2942 413 2986 ea
442 2921 589 2986 sine
620 2919 1029 2986 dubitatione
1061 2919 1239 2986 ferax
1270 2920 1583 2986 destinari
1613 2919 1810 2986 debet
1841 2920 2119 3006 legendo
2149 2919 2470 2986 malleolo.

193 3007 251 3074 s
265 3046 314 3108 3
357 3025 716 3093 Malleolus
770 3040 990 3092 autem
1046 3026 1347 3092 nouellus
1400 3040 1501 3092 est
1554 3026 1824 3112 palmes,
1881 3027 2146 3093 innatus
2201 3026 2437 3112 prioris
2492 3028 2648 3093 anni

195 3129 458 3218 flagello,
496 3132 1134 3219 cognominatusque
1167 3154 1204 3198 a
1236 3132 1667 3199 similitudine
1701 3133 1813 3213 rei,
1850 3134 2033 3219 quod
2066 3134 2135 3199 in
2168 3155 2245 3199 ea
2276 3148 2479 3219 parte,
2517 3156 2649 3221 qua

108 3262 156 3309 rs
197 3236 513 3305 deciditur
550 3262 633 3304 ex
669 3253 890 3306 uetere
925 3253 1275 3318 sarmento,
1316 3239 1700 3325 prominens
1736 3240 2070 3325 utrimque
2107 3239 2324 3305 mallei
2359 3240 2647 3326 speciem

199 3345 476 3427 praebet.
533 3346 716 3412 hunc
764 3367 846 3411 ex
894 3345 1364 3411 fecundissima
1412 3345 1616 3432 stirpe
1667 3345 2019 3431 legendum
2069 3368 2414 3412 censemus
2463 3347 2648 3412 omni

258 3502 309 3555 6:
359 3504 463 3569 Gp.
528 3516 621 3567 4,3
657 3530 694 3540 -
728 3520 868 3568 4-12
917 3504 1128 3556 Pallad.
1179 3504 1324 3567 3,9,6
1361 3531 1398 3541 -
1439 3521 1606 3569 13-23
1660 3504 1798 3557 Ptin.
1850 3514 1962 3556 nat.
2016 3504 2352 3568 17,156-r58
2388 3532 2425 3542 -
2461 3507 2645 3569 24-28

199 3589 388 3646 Colum.
414 3593 528 3646 arb.
558 3605 649 3655 2,t
685 3619 723 3629 -
759 3593 930 3657 28-33
956 3593 1167 3646 Pauad.
1194 3605 1318 3656 11,3

198 3731 306 3785 siue
326 3735 451 3788 A'R
473 3752 534 3787 se
560 3733 678 3786 SA¹
711 3760 750 3770 -
791 3749 853 3799 17
878 3745 932 3786 et
954 3735 1058 3787 ΑΒ
1081 3736 1131 3787 ei
1154 3734 1194 3787 S
1228 3761 1267 3771 -
1307 3735 1370 3786 18
1395 3735 1612 3788 uitiario
1634 3734 1761 3787 A‘R
1783 3734 2039 3787 seminari
2063 3735 2177 3787 SA¹
2212 3762 2250 3772 -
2291 3752 2353 3799 19
2378 3736 2644 3799 pastionis

198 3820 236 3873 S
265 3849 300 3858 -
334 3840 402 3876 20
440 3823 701 3876 semisses
741 3822 781 3875 S
814 3851 851 3860 -
888 3840 949 3877 21
996 3823 1319 3888 tripedantis
1359 3823 1398 3876 S
1431 3851 1470 3861 -
1506 3840 1574 3877 22
1616 3824 1713 3887 qui
1753 3839 1796 3887 p
1836 3841 1933 3876 om.
1976 3823 2119 3876 SAR
2154 3851 2191 3861 -
2226 3824 2481 3889 optinent
2521 3824 2649 3877 A'R

198 3911 392 3974 optime
418 3913 533 3966 ΒΑ*
574 3938 613 3948 -
648 3913 863 3964 sexceni
890 3912 1017 3965 A²R
1043 3914 1255 3978 septeni
1283 3913 1396 3965 SA¹
1432 3940 1469 3949 -
1505 3929 1575 3978 24
1603 3913 1771 3964 millia
1798 3912 1837 3965 S
1872 3940 1910 3949 -
1946 3928 2010 3977 25
2042 3915 2327 3977 praeuenit
2352 3914 2456 3966 ΑΒ
2483 3930 2643 3979 prae-

199 3998 338 4052 benti
366 4002 425 4054 8ι
456 4001 729 4066 praebent
758 4001 819 4053 S⁸
855 4028 892 4038 -
928 4002 1151 4066 quisitio
1179 4002 1316 4054 S¹A¹
1352 4028 1389 4038 -
1424 4002 1747 4054 malleorum
1775 4001 1867 4054 SA
1901 4028 1938 4038 -
1974 4003 2042 4055 26
2072 4012 2194 4054 ante
2223 4004 2300 4055 rei
2329 4002 2451 4055 add.
2484 4014 2538 4055 et
2567 4003 2643 4056 Α*

260 4088 310 4141 6:
350 4106 379 4154 3
411 4091 497 4143 his
526 4090 640 4143 ΑΒ
674 4116 712 4126 ·-
747 4106 777 4154 5
811 4107 920 4142 uua
949 4090 1061 4143 SA¹
1097 4118 1135 4127 -
1170 4092 1203 4143 6
1234 4102 1442 4143 uastate
1471 4090 1511 4143 S
1545 4117 1584 4126 -
1620 4101 1673 4142 et
1702 4090 2010 4155 frequentia
2039 4091 2164 4144 A'R
2194 4092 2497 4157 frequentis
2530 4091 2645 4144 ΒΑ*

198 4200 232 4211 -
269 4194 329 4230 ιο
351 4197 380 4230 e
405 4181 547 4232 duro
564 4178 682 4246 Ῐλσ
703 4196 793 4231 me
818 4180 954 4232 dura
978 4180 1070 4232 SA
1093 4181 1151 4233 in
1175 4196 1205 4231 e
1230 4182 1366 4233 dura
1390 4180 1434 4232 h
1467 4206 1507 4216 -
1547 4197 1604 4232 11
1637 4180 1793 4244 uirgo
1817 4180 1908 4232 SA
1941 4207 1980 4216 —
2015 4181 2289 4245 aliquibus
2312 4181 2365 4232 R
2400 4208 2437 4218 -
2473 4198 2647 4245 nepo-

202 4275 311 4318 tum
335 4268 388 4319 R
412 4287 565 4322 nunc
594 4280 778 4321 totum
804 4269 896 4321 SA
930 4296 968 4305 -
1003 4269 1246 4321 fructum
1272 4269 1363 4321 SA
1396 4296 1435 4306 -
1476 4285 1539 4323 12
1568 4269 1747 4321 feraris
1774 4268 1889 4321 SA¹
1923 4296 1961 4305 -
2002 4286 2063 4333 13
2095 4269 2313 4322 inantus
2340 4270 2458 4323 s1A
2483 4282 2645 4322 natus

204 4352 259 4404 8¹
289 4383 324 4392 -
363 4375 427 4423 14
456 4357 973 4423 cognominatisque
1004 4358 1096 4411 SA
1128 4385 1167 4395 -
1201 4375 1232 4410 a
1261 4359 1314 4410 R
1345 4359 1412 4410 ad
1445 4357 1537 4410 SA
1571 4385 1609 4394 -
1644 4358 2062 4410 similitudinem
2093 4358 2132 4410 S
2166 4385 2205 4395 -
2240 4359 2317 4410 rei
2349 4376 2448 4410 om.
2482 4358 2574 4411 SA
2613 4386 2651 4395 -

205 4457 303 4506 qua
328 4446 367 4498 S
394 4464 538 4510 quae
566 4447 675 4498 ΑΒ
707 4473 747 4483 -
787 4463 847 4510 15
881 4447 1082 4498 dicitur
1109 4446 1217 4498 Ast
1250 4473 1289 4483 -
1323 4447 1559 4498 malleoli
1582 4446 1692 4510 ιἰλσ
1725 4473 1762 4483 -
1797 4446 2062 4510 spaetiem
2090 4446 2130 4498 S
2157 4447 2389 4510 spatiem
2418 4448 2473 4498 A
2505 4474 2544 4484 -
2585 4449 2649 4498 16
