3109 5559
1460 278 1564 321 REI
1608 276 1914 320 RVSTICAE
1961 277 2073 322 Lm.
2128 279 2190 321 xl

972 435 1175 511 Haec,
1212 449 1363 499 ante
1394 438 1718 500 sationem
1743 456 1912 518 quae
1939 436 2235 499 facienda
2260 449 2430 510 sunt,
2458 437 2519 502 di

700 556 881 619 est;
933 563 1103 606 nunc
1148 543 1304 626 quid
1351 563 1616 624 quoque
1663 556 1959 624 tempore
1991 542 2096 610 uel
2129 542 2521 606 colendum}

700 654 841 727 sit,
919 651 1414 732 praecipiamuS,
1480 663 1547 713 et
1594 651 1870 733 primurn
1918 650 2004 712 de
2050 651 2151 712 his
2198 650 2523 731 generibus

700 770 864 831 est,
923 777 1095 838 quae
1144 767 1421 837 possunt
1466 757 1726 819 duobus
1770 758 1895 819 seri
1943 757 2367 838 temporibus„
2418 756 2484 819 id

636 879 790 945 5et
854 884 1035 926 uere.
1130 875 1279 927 sunt
1326 875 1544 926 autem
1592 865 1844 927 semina
1892 865 2218 926 brassicae
2264 877 2332 927 et
2365 864 2527 927 lactu

703 990 1004 1044 erucae,
1072 972 1396 1046 nasturcii,
1465 971 1809 1043 coriandri,
1876 969 2222 1044 caerefolii‚
2291 971 2530 1044 anethi,

701 1079 989 1151 siseris,
1029 1080 1401 1160 papaueris3
1450 1077 1616 1140 haec
1648 1078 1820 1140 enim
1857 1077 1960 1140 uel
1993 1079 2166 1141 circa
2196 1078 2533 1142 Kalendas

704 1186 839 1249 uel
904 1183 1131 1247 melius
1178 1198 1330 1247 ante
1375 1183 1714 1246 Kalendas
1746 1184 2015 1247 Martias
2047 1185 2402 1247 Februario
2433 1205 2535 1248 ser

701 1312 908 1356 uero
972 1292 1163 1354 siccis
1222 1302 1332 1353 aut
1391 1292 1650 1372 tepidiS,
1718 1290 1935 1372 qualia
1989 1304 2141 1354 sunt
2196 1290 2536 1354 Calabriae

606 1432 681 1465 10
707 1399 1090 1471 maritima,
1170 1410 1445 1479 possunt
1520 1399 1694 1461 circa
1772 1397 1926 1460 Idus
1993 1398 2322 1461 Ianuarias
2391 1410 2539 1462 terr}

704 1525 967 1570 mrsus
1023 1525 1192 1587 quae
1239 1517 1491 1568 tantum
1539 1516 1852 1567 autumno
1899 1506 2152 1567 conseri
2201 1505 2464 1578 debent,
2515 1525 2543 1567 s

707 1613 1139 1677 maritimum
1206 1611 1309 1674 uel
1373 1613 1666 1692 apricum
1732 1632 1958 1693 agrurn
2006 1610 2366 1686 incolimus,
2417 1613 2544 1675 hae

706 1721 965 1791 alium,
1014 1739 1220 1799 cepae
1266 1718 1572 1799 capitula,
1611 1717 1917 1799 ulpicum,
1950 1720 2198 1800 sinape.
2270 1719 2386 1782 sed
2423 1719 2548 1782 iam

706 1826 1034 1910 quidque
1088 1837 1384 1907 tempore
1432 1839 1641 1888 terrae
1690 1826 1981 1888 mandari
2030 1825 2408 1907 plerumque
2454 1845 2549 1888 coi

618 1968 686 2012 15
710 1953 1009 1998 menses
1053 1933 1444 2014 digeramus

961 2039 1139 2120 Ergo
1188 2051 1337 2120 post
1382 2038 1720 2102 Kalendas
1759 2039 2087 2102 Ianuarias
2118 2038 2464 2102 confestim
2499 2059 2555 2102 re

711 2146 1081 2230 lepidium.
1175 2166 1399 2209 mense
1463 2159 1682 2209 autem
1747 2146 2100 2209 Februario
2157 2146 2259 2208 uel
2321 2146 2540 2227 planta

713 2267 881 2318 ruta
935 2263 1131 2334 atque
1178 2273 1537 2336 asparagus
1586 2266 1653 2317 et
1699 2256 1927 2316 iterum
1974 2273 2180 2334 cepae
2225 2273 2449 2316 semen
2498 2266 2559 2316 et

716 2363 960 2424 minus
1004 2361 1058 2422 si
1104 2380 1372 2423 uernum
1420 2373 1487 2423 et
1517 2361 1834 2423 aestiuum
1871 2360 2144 2423 fructum
2177 2359 2360 2423 uoles
2390 2360 2561 2423 habe

613 2499 688 2532 20
715 2468 984 2531 radicis
1029 2478 1094 2529 et
1143 2487 1338 2548 rapae
1385 2467 1670 2548 napique
1716 2468 1964 2530 semina
2011 2468 2266 2531 obrueS.
2349 2487 2500 2530 nam
2548 2488 2563 2529 ε

715 2574 971 2637 ultima
1015 2584 1117 2635 est
1162 2573 1349 2636 huius
1394 2575 1710 2654 temporis
1757 2576 2013 2655 positi0.
2094 2585 2159 2637 at
2206 2576 2377 2638 circa
2424 2574 2567 2637 Kal«

714 2684 855 2745 tias
912 2680 1075 2744 locis
1123 2682 1358 2762 apricis
1405 2680 1559 2743 licet
1607 2701 1887 2762 porrum,
1922 2682 1976 2744 si
2015 2683 2142 2744 iam
2175 2682 2567 2763 ingranduit,

718 2790 895 2851 item
971 2807 1287 2868 panacem
1358 2786 1582 2850 ultima
1653 2799 1839 2868 parte
1904 2787 2118 2850 Martii
2167 2790 2427 2851 mensis.
2522 2788 2565 2849 d

717 2893 1080 2958 Kalendas
1126 2893 1393 2975 Apriles
1438 2914 1648 2975 aeque
1697 2914 1957 2975 porrum
2008 2905 2203 2976 atque
2251 2894 2490 2957 inulam
2530 2914 2567 2956 e

624 3030 695 3077 25
722 3001 1035 3082 plantam
1083 3013 1281 3065 rutae.
1360 3004 1518 3064 item
1566 3015 1638 3065 ut
1684 3004 1994 3065 maturius
2025 3013 2387 3075 enascatur,
2422 3022 2567 3064 cuct

721 3110 893 3182 bita,
961 3109 1263 3189 capparis
1322 3108 1598 3171 serenda
1655 3120 1772 3172 est,
1870 3129 2019 3171 nam
2067 3129 2290 3171 semen
2339 3109 2550 3185 betae,

720 3235 883 3278 cum
962 3214 1201 3278 malum
1272 3215 1545 3290 florebit,
1616 3227 1751 3278 tum
1818 3218 2082 3279 demum
2149 3218 2396 3297 optime
2461 3236 2566 3278 ser

917 3428 952 3460 2
992 3427 1124 3459 nunc
1160 3414 1229 3470 Sp
1267 3412 1314 3459 in
1352 3427 1457 3459 uno
1494 3413 1581 3460 ΑΒ
1736 3428 1765 3474 5
1805 3412 2032 3460 brassica
2072 3420 2123 3459 et
2161 3412 2359 3459 lactuca
2396 3414 2429 3460 S

724 3501 987 3548 caeressolii
1025 3502 1064 3549 A
1109 3501 1336 3549 cerefolii
1377 3504 1419 3549 Β
1456 3501 1690 3549 cerofolii
1728 3515 1763 3549 a
1802 3501 1992 3549 cereoli
2030 3514 2064 3560 p
2233 3517 2259 3562 7
2301 3499 2362 3548 kt
2398 3503 2432 3549 S
2467 3487 2536 3548 kl

726 3590 796 3644 R;
838 3590 914 3636 ila
953 3591 1104 3636 etiam
1141 3590 1260 3636 locis
1298 3606 1421 3637 mox
1452 3596 1670 3651 sequent.
1858 3593 1890 3637 8
1927 3591 2010 3637 uel
2048 3591 2230 3639 melius
2269 3594 2311 3639 Β
2349 3590 2512 3638 uelius
2551 3597 2567 3639 A

724 3678 759 3724 S
932 3677 1073 3726 maYt
1107 3680 1180 3727 SA
1228 3688 1375 3726 mart.
1424 3679 1504 3725 uel
1538 3679 1746 3727 martias
1784 3682 1827 3726 Β
2015 3680 2258 3728 committi
2296 3682 2417 3730 SAR

728 3766 905 3815 allium
948 3769 994 3815 Β
1188 3768 1367 3828 sinape
1402 3769 1474 3816 SA
1515 3767 1707 3828 sinapis
1746 3770 1788 3815 Β
1825 3766 2031 3827 senapis
2068 3780 2101 3825 p
2293 3768 2385 3815 sed
2424 3769 2520 3815 iarn
2561 3785 2567 3828 1

726 3855 883 3903 etiam
926 3871 1063 3903 minc
1101 3857 1272 3917 potius
1311 3860 1353 3905 Β
1550 3870 1610 3916 15
1651 3857 1940 3904 diceramus
1978 3859 2025 3910 (c
2066 3857 2119 3903 in
2157 3871 2185 3915 c
2225 3861 2347 3903 mut.
2389 3849 2485 3912 m²)
2521 3860 2554 3905 S

728 3941 868 3991 dium
908 3950 1024 3992 neu.
1062 3945 1171 3992 edd.
1212 3946 1433 4006 lepidum
1470 3946 1592 3993 SAR
1779 3948 1840 3994 18
1878 3961 2158 4007 asparagus
2197 3948 2282 3995 AB
2320 3946 2430 4000 (sub
2470 3962 2530 4006 sp

728 4046 825 4092 gos
863 4047 902 4082 ι
939 4049 1194 4097 asparago
1230 4047 1261 4083 e
1297 4050 1517 4096 espargo
1556 4037 1589 4083 d
1770 4050 1915 4096 caepe
1951 4037 2023 4084 SA
2065 4050 2191 4096 cepe
2231 4038 2273 4083 Β
2454 4050 2521 4082 20
2561 4053 2567 4080 ι

886 4129 941 4171 et
977 4139 1080 4171 om.
1118 4126 1191 4173 SA
1350 4139 1416 4184 23
1454 4125 1574 4172 item
1613 4140 1716 4171 om.
1756 4128 1791 4174 A
1956 4140 2020 4185 24
2061 4124 2181 4185 aprl'
2217 4127 2249 4173 S
2287 4124 2460 4185 aprilis
2499 4127 2537 4172 A

731 4206 792 4256 lis
830 4213 876 4259 Β
1059 4228 1126 4274 25
1166 4221 1405 4262 nascatur
1440 4217 1537 4274 odq
