3109 5559
888 396 895 403 ·
964 383 1061 424 κει
1110 383 1415 426 Rvs‘ncAE
1462 382 1575 425 Llss.
1626 383 1643 424 1
1691 388 1735 421 c.
1779 374 1830 421 6.
1873 388 1900 433 7
2470 382 2549 445 37

316 541 641 602 cuniarum
674 539 775 603 uel
812 540 1006 622 lignis
1037 554 1102 603 et
1134 543 1367 604 ceteris
1401 543 1620 624 paruis
1658 542 2150 604 accessionibus
2184 542 2551 622 exigendiS,

318 665 579 725 quarum
602 667 756 709 cura
769 650 1089 711 maiorem
1104 649 1470 712 molestiam
1487 670 1686 731 quam
1700 650 1760 710 in
1769 668 2039 730 pensam
2054 650 2311 712 rusticis
2321 648 2550 711 adfert.

321 772 426 814 nec
470 774 640 816 sane
686 767 789 817 est
838 757 1311 819 uindicandum
1360 758 1554 819 nobis
1602 757 1913 838 quicquid
1962 756 2132 831 licet,
2184 776 2335 819 nam
2368 777 2452 818 su
2470 778 2554 818 m·

318 881 495 923 mum
550 863 668 923 ius
718 864 967 944 antiqui
1017 884 1381 926 summam
1418 865 1741 945 putabant
1773 883 2097 926 crucem.
2180 882 2301 925 nec
2337 884 2554 926 rursus

272 968 373 1046 5in
420 980 637 1030 totum
687 972 1171 1046 remittendum,
1224 974 1534 1053 quoniam
1579 972 1699 1034 uel
1733 973 2028 1053 optima
2063 972 2373 1032 nomina
2404 992 2553 1033 non

316 1075 791 1156 appellando
841 1077 870 1139 s
873 1079 1015 1141 ieri
1061 1079 1254 1142 mala
1290 1079 1659 1143 faenerator
1689 1078 1904 1142 Alfius
1938 1080 2186 1141 dixisse
2220 1079 2555 1140 uerissime

319 1181 528 1245 fertur.
626 1185 743 1246 sed
815 1197 880 1246 et
952 1187 1093 1267 ipse
1165 1200 1388 1249 nostra
1445 1189 1761 1249 memoria
1809 1199 2097 1250 ueterem
2147 1185 2556 1248 consularem
2583 1202 2615 1263 3

316 1291 651 1372 uirumque
696 1292 1268 1373 opulentissimum
1317 1294 1384 1356 P.
1420 1294 1767 1356 Volusium
1801 1295 2304 1356 adseuerantem
2339 1292 2555 1354 audiui

319 1395 759 1460 felicissimum
838 1400 1108 1463 fundum
1180 1422 1348 1477 esse,
1415 1404 1523 1483 qui
1573 1402 1848 1464 colonos
1896 1400 2243 1481 indigenas
2289 1399 2559 1462 haberet

246 1516 377 1568 xoet
423 1516 763 1588 tamquam
815 1509 879 1569 in
931 1521 1202 1590 paterna
1252 1511 1675 1590 possessione
1721 1522 1916 1571 natos
1948 1510 2075 1570 iam
2109 1507 2262 1569 inde
2295 1528 2333 1570 a
2366 1527 2560 1569 cuna-

319 1611 481 1674 bulis
533 1613 735 1696 longa
784 1614 1223 1679 familiaritate
1271 1619 1596 1680 retineret.
1663 1618 1752 1679 ita
1801 1628 1975 1678 certe
2000 1635 2145 1678 mea
2179 1614 2302 1677 sert
2333 1615 2560 1695 opinio

316 1739 443 1780 rem
522 1721 762 1783 malam
834 1742 982 1784 esse
1055 1722 1454 1803 frequentem
1522 1723 1917 1786 locationem
1992 1722 2191 1797 fundi,
2267 1723 2556 1802 peiorem

315 1841 533 1889 tamen
604 1829 926 1891 urbanum
976 1829 1303 1906 colonum,
1354 1833 1465 1912 qui
1515 1852 1633 1912 per
1681 1830 1989 1893 familiam
2039 1829 2284 1892 mauult
2331 1849 2557 1910 agrum

314 1953 510 2014 quam
560 1956 678 2016 per
723 1957 795 1998 se
842 1936 1076 2001 colere.
1149 1937 1433 2002 Saserna
1479 1939 1746 2001 dicebat
1793 1938 1878 2001 ab
1909 1939 2050 2000 eius
2084 1938 2260 2000 modi
2296 1936 2625 2010 homine4

242 2041 446 2120 15fere
518 2064 637 2123 pro
703 2043 1006 2106 mercede
1055 2044 1231 2107 litem
1282 2024 1509 2120 reddis
1540 2058 1815 2127 propter
1861 2046 2040 2126 quod
2090 2064 2362 2125 operam
2410 2045 2563 2104 dan-

315 2150 463 2210 dam
536 2170 706 2221 esse,
777 2161 847 2212 ut
906 2163 972 2213 et
1020 2154 1298 2215 rusticos
1344 2164 1409 2214 et
1457 2155 1731 2216 eosdem
1781 2153 2098 2215 adsiduos
2145 2151 2421 2213 colonos
2470 2169 2562 2211 re·

314 2257 661 2331 tineamu5‚
737 2278 886 2319 cum
957 2270 1069 2321 aut
1140 2260 1469 2323 nobismet
1539 2262 1702 2342 ipsis
1771 2280 1903 2321 non
1967 2259 2220 2321 licuerit
2288 2268 2400 2319 aut
2449 2277 2565 2337 per

316 2364 724 2426 domesticos
771 2364 987 2427 colere
1036 2387 1166 2429 non
1216 2369 1617 2448 expedierit;
1668 2367 1846 2448 quod
1896 2377 2114 2429 tamen
2165 2386 2295 2427 non
2346 2365 2564 2426 euenit

316 2472 438 2531 nisi
511 2473 575 2533 in
644 2471 744 2533 his
794 2473 1190 2554 regionibuS,
1240 2496 1408 2556 quae
1457 2477 1782 2556 grauitate
1831 2473 1991 2536 caeli
2040 2472 2293 2553 solique
2339 2472 2565 2533 sterili·

232 2607 295 2643 20
315 2589 452 2639 tate
502 2590 861 2641 uastantur.
934 2592 1244 2644 -ceterum
1294 2603 1440 2644 cum
1491 2583 1841 2645 mediocris
1886 2582 2077 2644 adest
2124 2592 2191 2642 et
2221 2579 2568 2642 salubritas
2594 2591 2622 2656 5

315 2700 381 2746 et
437 2697 653 2747 terrae
702 2687 986 2761 bonitaS,
1035 2709 1391 2769 numquam
1442 2711 1575 2752 non
1623 2710 1708 2751 ex
1759 2709 1921 2771 agro
1970 2688 2118 2770 plus
2164 2707 2283 2749 sua
2329 2686 2565 2766 cuique

313 2812 471 2853 cura
526 2792 810 2854 reddidit
857 2815 1056 2874 quam
1104 2796 1342 2867 coloni,
1394 2818 1752 2878 numquam
1803 2817 1932 2860 non
1983 2797 2180 2858 etiam
2217 2794 2408 2867 uilici,
2444 2794 2562 2853 nisi

312 2901 366 2960 si
442 2901 735 2961 maxima
806 2900 908 2962 uel
980 2902 1398 2985 neglegentia
1445 2906 1616 2967 serui
1667 2904 1768 2966 uel
1822 2904 2148 2984 rapacitas
2195 2900 2564 2963 interuenit.

312 3025 492 3086 quae
541 3017 815 3088 utraque
865 3022 1140 3087 peccata
1189 3011 1572 3093 plerumque
1613 3012 1772 3073 uitio
1823 3012 2073 3073 domini
2125 3008 2225 3071 uel
2268 3007 2565 3069 conmitti

228 3140 287 3193 ²5
316 3113 424 3175 uel
480 3112 684 3176 foueri
736 3114 892 3176 nihil
938 3117 1210 3179 dubium
1258 3131 1378 3194 est,
1429 3140 1578 3181 cum
1629 3118 1821 3181 liceat
1870 3131 1980 3181 aut
2013 3136 2272 3190 cauere,
2307 3133 2388 3177 ne
2421 3111 2568 3174 talis

312 3219 737 3301 praeficiatur
807 3224 1098 3303 negotio,
1172 3239 1284 3287 aut
1340 3227 1469 3288 iam
1519 3228 1934 3307 praepositus
1982 3237 2050 3286 ut
2097 3225 2570 3286 submoueatur

513 3367 531 3397 1
575 3354 657 3401 uel
705 3356 910 3418 scripsi:
961 3362 1018 3403 ut
1053 3357 1172 3403 SAR
1353 3370 1384 3401 π
1424 3369 1548 3402 ωτι
1587 3348 1855 3413 ahgk²tii6
1893 3351 2020 3399 cur&
2056 3352 2090 3399 S
2128 3365 2303 3398 curam
2343 3352 2428 3397 AB

311 3457 344 3501 3
387 3442 555 3490 affert
592 3448 634 3492 Β
779 3444 1001 3504 quitquit
1055 3441 1131 3504 (in
1185 3443 1427 3504 quicquid
1481 3449 1609 3490 mut.
1661 3445 1769 3491 iam
1811 3459 1880 3489 m.
1915 3450 1993 3505 pr.
2033 3446 2091 3489 ut
2113 3436 2240 3499 uid.)
2265 3441 2300 3487 S
2335 3439 2569 3499 quidquit

306 3532 359 3587 (c
400 3548 447 3579 s.
494 3532 525 3578 d
563 3537 609 3578 et
645 3533 676 3578 d
713 3548 756 3582 s.
796 3541 815 3580 t
854 3534 1043 3591 m.rec.)
1080 3536 1121 3582 A
1269 3549 1299 3594 5
1339 3531 1446 3593 quo
1483 3534 1559 3581 SA
1598 3547 1754 3592 quom
1795 3533 1876 3579 uel
1911 3547 2024 3579 cum
2066 3533 2109 3579 Β
2261 3531 2295 3579 6
2323 3520 2566 3593 nonssnon

313 3621 642 3683 appellando
680 3624 715 3670 S
754 3638 857 3670 non
896 3623 1203 3684 appellanda
1240 3624 1324 3670 ΔΒ
1362 3622 1739 3682 interpellando
1779 3623 1906 3682 klpfi
2018 3619 2219 3681 alphius
2258 3621 2301 3667 Β
2409 3619 2568 3666 ueris·

308 3711 450 3759 sime
495 3712 626 3760 lxliii
648 3712 983 3759 seuerissime
1007 3713 1128 3761 8ΔΒ
1276 3727 1302 3772 7
1333 3719 1386 3759 et
1410 3727 1513 3757 om.
1539 3712 1650 3759 8Δὸ
1793 3712 1825 3758 8
1866 3710 2150 3758 uolussium
2178 3710 2252 3756 SA
2360 3724 2571 3756 asseue-

311 3809 529 3848 rantem
569 3804 609 3848 Β
640 3801 863 3865 plerique
1006 3803 1126 3849 audi
1162 3803 1238 3850 SA
1277 3800 1412 3849 audii
1451 3795 1507 3848 «1²
1674 3815 1736 3847 10
1774 3808 2014 3859 tanquam
2056 3802 2098 3846 Β
2243 3798 2291 3845 in
2329 3813 2431 3844 om.
2471 3798 2571 3845 Asc'i

516 3903 576 3949 13
604 3891 865 3937 uilbanum
893 3888 977 3945 (ur
1002 3905 1069 3938 ss,
1099 3906 1169 3937 m.
1197 3888 1310 3943 rec.)
1333 3893 1369 3938 A
1520 3891 1674 3937 colon
1714 3888 1792 3937 uis
1830 3889 1918 3948 qui
1941 3884 2011 3949 (ov
2029 3904 2069 3935 s.
2098 3905 2129 3935 n
2157 3887 2320 3936 adscr.
2348 3903 2419 3933 m.
2449 3892 2569 3945 uet.;

309 3995 401 4026 um
446 3994 519 4025 ss.
559 3995 628 4025 m.
668 3977 781 4035 rec.)
819 3982 858 4028 A
1059 3994 1117 4040 14
1159 3985 1277 4026 ante
1313 3994 1531 4028 saserna
1559 3994 1659 4025 ναε.
1698 3983 1744 4024 et
1779 3994 1837 4026 sa
1876 3980 1929 4025 in
1969 3993 2071 4025 ras.
2111 3979 2144 4025 S
2346 3978 2407 4025 16
2444 3977 2569 4024 assi-

311 4070 461 4116 duos
505 4069 548 4114 Β
736 4083 799 4128 19
837 4069 932 4117 nisi
984 4069 1026 4117 si
1068 4071 1103 4117 A
1146 4069 1241 4118 nisi
1282 4074 1324 4118 Β
1360 4065 1423 4129 (si
1463 4084 1530 4115 ss.
1572 4084 1640 4114 m.
1674 4074 1758 4130 pr.
1796 4074 1855 4114 ut
1888 4066 2014 4127 m'd.)
2049 4069 2083 4116 S
2123 4067 2219 4114 nisi
2244 4067 2311 4114 sit
2335 4063 2390 4114 «1¹

307 4156 505 4219 quaeui
540 4158 793 4217 grauitate
831 4166 927 4223 (pr.
969 4160 1019 4207 ui
1055 4168 1162 4221 exp.
1204 4176 1273 4206 m.
1315 4162 1427 4215 rec.)
1463 4160 1502 4207 A
1686 4172 1746 4204 αι
1793 4173 2052 4218 nunquam
2091 4157 2170 4204 uel
2207 4139 2489 4216 nonquam
2530 4160 2572 4204 Β

509 4247 743 4307 cuiquem
791 4248 859 4305 (m
897 4258 1005 4314 exp.
1046 4267 1116 4297 m.
1155 4250 1268 4305 rec.)
1306 4252 1345 4298 A
1492 4264 1559 4295 22
1593 4252 1709 4310 post
1746 4248 1880 4295 uilici
1905 4263 2008 4295 ras.
2035 4250 2068 4296 S
2215 4247 2312 4295 nisi
2350 4246 2571 4293 maxima

304 4339 355 4387 R
396 4337 608 4397 aliquot
751 4352 816 4397 23
858 4340 1164 4401 negligentia
1191 4344 1232 4388 Β
1378 4354 1443 4397 24
1473 4338 1762 4398 plerunque
1789 4340 1832 4385 Β
1940 4337 2190 4385 committi
2217 4342 2257 4386 Β
2283 4335 2572 4385 εόωεηωεί

306 4431 343 4475 S
372 4427 732 4474 commentuei
761 4428 907 4479 (mitti
937 4444 1003 4475 ss.
1032 4445 1102 4475 m.
1130 4430 1240 4481 rec.)
1268 4431 1303 4475 A
1451 4431 1518 4475 26
1557 4429 1932 4475 submouentur
1967 4428 2002 4475 d
2039 4434 2434 4475 summoneatur
2452 4428 2571 4474 SAR
