3109 5559
1115 1247 1406 1312 LIBER
1453 1246 1864 1313 OCTAVVS
1911 1247 2162 1313 HAEC
2209 1247 2661 1314 CONTINE'I

1025 1500 1077 1561 I.
1122 1500 1220 1561 De
1268 1499 1617 1561 cortalibus
1663 1498 1912 1580 gallinis
1959 1500 2316 1562 nutriendis
2363 1507 2428 1563 et
2477 1500 2661 1581 gallin

1121 1606 1488 1668 stituendis.

988 1712 1077 1774 11.
1123 1712 1221 1774 De
1248 1712 1581 1774 seruandis
1609 1712 1768 1774 ouiS.

707 1820 743 1869 5
952 1818 1077 1880 111.
1122 1819 1219 1879 De
1246 1818 1496 1898 gallinis
1524 1818 1885 1880 farciendis,

914 1924 1076 1987 1111.
1122 1924 1219 1986 De
1246 1924 1569 2004 palumbis
1595 1931 1662 1986 et
1691 1924 2003 1987 columbis
2031 1923 2389 1988 farciendis·

1000 2031 1076 2093 V.
1121 2032 1219 2092 De
1248 2029 1655 2093 columbariis
1682 2031 2168 2094 constituendis,

843 2233 907 2282 L.
945 2231 1066 2296 (om.
1097 2226 1199 2295 SA)
1250 2231 1379 2281 Iuni
1422 2232 1698 2282 Moderati
1747 2232 1870 2296 (om.
1900 2232 1946 2294 r)
1996 2232 2377 2296 Columell(a)e
2421 2233 2501 2282 rei
2543 2237 2663 2283 rust

766 2335 955 2371 nonus
989 2320 1096 2384 (uel
1122 2320 1319 2384 VIIII)
1352 2320 1552 2385 incipit
1586 2320 1716 2384 (om.
1750 2315 1852 2384 SA)
1887 2320 2123 2370 feliciter
2158 2321 2279 2386 (om.
2303 2316 2467 2385 Mor)
2500 2322 2571 2371 de
2607 2322 2660 2385 (α

764 2410 901 2459 ticis
930 2409 1289 2474 pastionibus
1331 2409 1576 2459 auiarius
1620 2414 1678 2459 et
1709 2410 1955 2474 piscator
1984 2404 2328 2479 ΒΑφωίιἿσ
2357 2410 2523 2459 Liber
2553 2410 2661 2459 VII

765 2498 898 2548 ticis
927 2498 1279 2563 pastionibus
1307 2498 1587 2549 auiarium
1618 2502 1678 2547 et
1708 2499 1946 2563 piscium
1979 2498 2081 2548 hec
2117 2498 2315 2563 incipit
2338 2499 2570 2552 feliciter
2592 2499 2661 2550 a]

765 2589 841 2638 de
872 2587 1132 2638 uillaticis
1173 2587 1530 2652 pascionibus
1573 2587 1850 2637 auiarium
1893 2591 1952 2637 et
1996 2587 2234 2651 piscium
2261 2582 2303 2636 h
2333 2587 2540 2652 Incipit
2570 2602 2663 2637 noi

765 2677 841 2726 de
872 2676 1139 2727 uillaticis
1169 2676 1522 2740 pastionibus
1549 2676 1803 2726 aurarius
1833 2681 1891 2726 et
1920 2676 2166 2740 piscator
2193 2673 2215 2727 1
2245 2676 2622 2741 Eiusdemque
2650 2694 2661 2726 ι

766 2765 1123 2830 pastionibus
1164 2764 1410 2815 auiarius
1451 2769 1511 2814 et
1553 2764 1804 2829 piscator
1847 2765 1988 2816 liber
2033 2779 2216 2816 nonus
2257 2765 2456 2829 incipit
2486 2766 2661 2816 ioelici

766 2868 952 2904 nonus
994 2854 1195 2919 incipit
1238 2854 1309 2903 de
1352 2853 1622 2904 uillaticis
1665 2854 2016 2918 pastionibus
2044 2854 2290 2904 auiarius
2325 2853 2570 2917 (auiariis
2597 2850 2651 2918 b)

764 2938 836 3000 bo
865 2942 1030 2992 Nono
1072 2942 1219 2992 libro
1261 2942 1332 2992 de
1376 2942 1641 2993 uillaticis
1683 2943 2042 3007 pascionibus
2085 2943 2165 2991 rei
2197 2943 2438 2993 rusticae
2467 2937 2504 2993 d
2532 2942 2661 2993 Libe

766 3032 976 3081 rustice
1005 3032 1076 3081 de
1107 3031 1375 3082 uillaticis
1403 3031 1763 3096 pascionibus
1791 3032 2045 3097 sequitur
2074 3039 2110 3089 ιι
2138 3031 2305 3083 Liber
2333 3045 2516 3082 nonus
2546 3032 2660 3095 inci]

763 3125 828 3170 et
857 3120 1108 3184 piscator
1146 3129 1180 3168 8
1224 3120 1288 3169 L.
1333 3120 1635 3170 Columelle
1679 3120 1817 3172 liber
1859 3134 2043 3170 nonus
2073 3120 2271 3185 incipit
2301 3119 2540 3170 feliciter
2569 3129 2605 3190 9
2635 3121 2661 3170 Ι

764 3208 964 3273 incipit
1008 3217 1096 3266 ω
1128 3208 1338 3273 Incipit
1378 3209 1517 3260 liber
1560 3223 1743 3259 nonus
1783 3220 1824 3260 n
2037 3210 2443 3275 inscriptionem
2484 3215 2605 3275 post
2645 3228 2661 3260 ι

765 3293 1125 3369 <plomba
1152 3299 1556 3363 inscriptionem
1588 3314 1689 3349 om.
1721 3292 2093 3356 Eleinfixtaev

840 3387 1005 3436 Liber
1043 3400 1225 3437 nonus
1261 3386 1368 3450 (uel
1394 3386 1592 3450 VIIII)
1627 3387 1763 3437 haec
1793 3388 2047 3437 continet
2077 3380 2440 3444 Meoblryflae
2469 3387 2635 3438 Liber

762 3476 1040 3526 continet.
1090 3475 1335 3526 Rubrica
1378 3475 1515 3526 noni
1559 3475 1688 3527 libri
1730 3486 1781 3525 w
1826 3476 2090 3541 Sequitur
2120 3475 2258 3526 liber
2288 3475 2462 3525 VIIII
2496 3476 2632 3526 haec

767 3565 925 3615 Haec
954 3565 1208 3614 continet
1237 3559 1279 3613 h
1309 3564 1464 3614 Haec
1494 3565 1855 3615 continentur
1884 3559 1921 3615 d
1943 3565 2111 3616 Cuius
2134 3569 2465 3629 argumenta
2487 3565 2624 3615 haec
2646 3579 2661 3614 ε

766 3667 800 3702 2
832 3653 1214 3704 cohortalibus
1256 3648 1380 3703 Am,
1588 3653 1811 3718 gallinis
1854 3660 1976 3705 ante
2009 3654 2393 3703 cohortalibus
2421 3661 2495 3723 qn

764 3758 871 3793 om.
901 3751 942 3791 n
1156 3742 1439 3806 gallinaris
1471 3736 1521 3791 A
1735 3742 1888 3808 Quot
1918 3743 2034 3792 sint
2065 3756 2266 3806 genera
2296 3742 2646 3806 gallinarum:

764 3831 913 3882 libus
955 3845 1259 3896 earumque
1303 3831 1486 3881 tutela
1528 3834 1588 3880 et
1619 3832 1953 3881 educatione
1980 3840 2017 3880 v
2048 3832 2201 3896 Quot
2232 3835 2367 3881 sunt
2397 3845 2601 3896 genera
2631 3846 2661 3894 g

945 3936 977 3984 4
1010 3920 1094 3969 De
1124 3921 1246 3971 ouis
1275 3919 1568 3970 seruandis
1596 3914 1621 3969 t
1835 3934 1866 3982 5
1897 3919 2169 3970 faciendis
2200 3915 2341 3978 Am
2521 3920 2605 3969 De
2634 3935 2661 3969 c

764 4009 985 4074 gallinis
1007 4023 1311 4075 earumque
1333 4009 1516 4059 tutela
1537 4012 1597 4058 et
1620 4010 1954 4059 educatione
1984 4003 2009 4058 t
2184 4014 2367 4074 postea
2390 4010 2511 4060 add.
2538 4023 2661 4073 quei

760 4099 1001 4163 gallinas
1022 4098 1258 4164 pingues
1280 4103 1338 4148 et
1360 4101 1583 4147 teneras
1606 4099 1763 4148 reddi
1787 4101 2015 4163 oportet
2035 4093 2095 4147 vt
2239 4100 2273 4147 6
2302 4098 2575 4148 columbis
2596 4102 2654 4147 et

979 4187 1247 4238 iaciendis
1275 4196 1346 4245 vu
1591 4193 1771 4252 postea
1801 4188 1922 4238 add.
1955 4200 2259 4250 eorumque
2289 4187 2480 4237 tutela
2507 4190 2567 4235 et
2596 4187 2661 4236 ed

981 4290 1014 4341 7
1045 4292 1147 4328 om.
1178 4272 1238 4326 vt
