3109 5559
691 428 779 486 44
1284 433 1336 474 L.
1392 432 1515 473 1VN1
1565 430 1888 473 MODERATl
1936 430 2347 472 COLVMELLAE

258 592 557 649 potaturae
693 591 989 670 corporis
1036 603 1150 652 aut
1197 591 1397 652 anirni
1443 590 1996 652 contribuendum
2048 602 2370 668 putemus.
2451 590 2801 669 magistros
2834 609 2931 667 pe·

260 680 531 737 mancipia
690 698 956 759 coribus
1003 710 1269 778 oportet
1302 717 1710 778 praeponere
1742 696 2007 759 sedulos
2041 716 2116 757 ac
2153 695 2644 777 frugalissimos,
2723 716 2803 757 ea
2835 715 2931 757 res

262 771 583 917 :zfflwcon-
692 816 964 885 utraque
1031 804 1178 886 plus
1224 825 1421 885 quam
1470 805 1769 884 corporis
1814 814 2066 866 statura
2118 802 2443 883 roburque
2489 802 2746 865 confert
2793 803 2933 864 huic

263 950 557 997 tribuenda
691 912 980 992 negotio,
1054 914 1365 993 quoniam
1443 913 1507 973 id
1581 912 2005 973 ministerium
2078 912 2422 973 custodiae
2492 910 2823 992 diligentis
2875 922 2936 971 et

262 1040 377 1086 siut
630 1033 666 1078 2
692 1020 848 1081 artis
895 1018 1183 1080 officium
1231 1031 1351 1081 est.
1441 1018 1727 1080 bubulco
1772 1019 2073 1099 quamuis
2119 1018 2489 1080 necessaria
2536 1038 2666 1079 non
2725 1030 2978 1096 tamen5

692 1127 853 1187 satis
908 1136 1010 1188 est
1059 1126 1315 1188 indoles
1363 1127 1622 1201 mentis,
1673 1127 1795 1188 nisi
1844 1146 1994 1187 eum
2043 1126 2318 1187 uastitas
2367 1126 2549 1187 uocis
2581 1138 2648 1187 et
2682 1125 2937 1187 habitus

699 1234 1125 1295 metuendum
1208 1233 1572 1315 pecudibus
1650 1232 1867 1295 efficit.
1980 1233 2098 1295 sed
2180 1246 2504 1312 temperet
2575 1234 2747 1295 uires
2821 1232 2936 1293 cle·

699 1342 965 1415 mentia,
1015 1342 1329 1421 quoniam
1377 1339 1726 1402 terribilior
1771 1341 1972 1402 debet
2020 1359 2167 1402 esse
2216 1360 2414 1420 quam
2462 1341 2739 1413 saeuior,
2776 1352 2847 1402 ut
2876 1350 2939 1400 et

696 1448 1147 1528 obsequantur
1192 1449 1331 1509 eius
1378 1449 1670 1530 imperiis
1716 1459 1784 1509 et
1831 1448 2072 1509 diutius
2116 1459 2482 1527 perennent
2529 1448 2757 1522 boues,
2812 1468 2936 1508 non

698 1554 983 1616 confecti
1052 1556 1406 1616 uexatione
1454 1554 1647 1616 simul
1695 1575 1970 1635 operum
2020 1555 2517 1635 uerberumque.
2612 1556 2730 1617 sed
2780 1575 2943 1634 quae
2966 1584 3016 1617 ιο

698 1663 830 1724 sint
864 1664 1324 1743 magistrorum
1359 1664 1582 1725 munia
1612 1683 1914 1743 quaeque
1948 1661 2402 1737 bubulcorum,
2437 1683 2558 1724 suo
2590 1662 2739 1725 loco
2767 1682 2942 1742 repe·

644 1782 866 1848 3tam;
918 1789 1088 1831 nunc
1139 1771 1562 1832 admonuisse
1608 1771 1769 1832 satis
1817 1782 1919 1834 est
1968 1770 2123 1831 nihil
2176 1771 2238 1831 in
2288 1771 2407 1844 his,
2467 1771 2530 1832 iu
2584 1768 2709 1831 illis
2759 1768 2943 1850 pluri·

704 1897 880 1938 mum
929 1876 1166 1938 referre
1213 1879 1382 1939 uires
1414 1889 1481 1940 et
1514 1879 1996 1958 proceritatem.
2063 1897 2213 1939 nam
2247 1876 2696 1958 longissimum
2731 1896 2945 1957 quem·

704 2004 831 2065 que
901 1997 1246 2059 aratorem,
1317 1986 1489 2048 sicut
1560 1986 1720 2058 dixi,
1793 1984 2125 2058 faciemuS,
2186 1997 2253 2046 et
2313 1992 2583 2064 propter
2629 1984 2718 2056 id,
2769 1984 2944 2064 quod

709 2090 906 2171 paulo
954 2105 1106 2154 ante
1155 2092 1393 2167 rettuli,
1441 2104 1509 2154 et
1556 2093 1737 2173 quod
1784 2093 1849 2154 in
1900 2112 1968 2154 re
2016 2093 2256 2154 rustica
2290 2091 2466 2153 nullo
2502 2092 2716 2153 minus
2749 2111 3019 2172 opere15

710 2198 1017 2279 fatigatur
1068 2198 1399 2279 prolixior,
1449 2201 1603 2281 quia
1651 2201 1714 2261 in
1763 2201 2012 2262 arando
2059 2201 2269 2261 stiuae
2317 2219 2485 2279 pene
2533 2211 2746 2261 rectus
2799 2199 2949 2260 inni·

712 2307 885 2368 titur.
985 2308 1418 2368 mediastinus
1465 2306 1961 2387 qualiscumque
2024 2318 2234 2368 status
2295 2317 2517 2386 potest
2576 2325 2744 2377 esse,
2799 2306 2949 2367 dum

647 2415 913 2487 4modo
964 2415 1395 2495 perpetiendo
1445 2414 1652 2476 labori
1702 2415 1784 2476 sit
1832 2415 2131 2476 idoneus.
2211 2415 2444 2475 uineae
2492 2433 2622 2474 non
2656 2414 2751 2474 sic
2789 2412 2953 2475 altos

713 2541 911 2602 quem
974 2522 1058 2582 ad
1115 2522 1381 2582 modum
1432 2520 1602 2584 latos
1633 2531 1701 2582 et
1733 2519 2094 2583 lacertosos
2125 2522 2303 2582 uiros
2334 2522 2632 2601 exigunt,
2683 2540 2838 2581 nam
2873 2519 2970 2579 hic

712 2629 983 2691 habitus
1049 2627 1318 2690 fossuris
1383 2640 1449 2689 et
1507 2628 1957 2708 putationibus
2004 2629 2371 2709 ceterisque
2418 2647 2639 2689 earum
2689 2626 2954 2688 culturis
2976 2655 3030 2689 κο

716 2737 926 2817 magis
972 2747 1189 2815 aptus.
1286 2736 1498 2796 minus
1547 2736 1612 2797 in
1662 2734 1790 2796 hoc
1837 2734 2058 2797 officio
2115 2755 2311 2815 quam
2346 2736 2408 2795 in
2443 2735 2679 2796 ceteris
2710 2735 2954 2815 agrieo·

717 2844 873 2905 latio
923 2841 1360 2923 frugalitatem
1412 2843 1695 2922 requirit,
1745 2844 1899 2923 quia
1946 2854 2012 2904 et
2055 2843 2117 2903 in
2154 2842 2346 2903 turba
2377 2854 2446 2903 et
2477 2841 2603 2903 sub
2637 2843 2957 2903 monitore

715 2952 951 3012 uinitor
1023 2971 1193 3030 opus
1265 2949 1475 3012 facere
1546 2949 1748 3011 debet
1805 2969 1882 3011 ac
1934 2949 2319 3029 plerumque
2368 2948 2656 3010 uelocior
2705 2950 2956 3010 animus

715 3070 817 3120 est
865 3057 1291 3138 inproborum
1343 3057 1702 3130 hominum,
1738 3077 1935 3137 quem
1969 3056 2302 3118 desiderat
2334 3056 2524 3117 huius
2557 3057 2781 3135 operis
2815 3075 2958 3116 con·

715 3166 898 3227 ditio.
998 3185 1124 3225 non
1198 3163 1410 3225 solum
1479 3166 1652 3225 enim
1729 3163 1983 3237 fortem,
2055 3164 2172 3225 sed
2231 3175 2297 3224 et
2346 3163 2666 3225 acuminis
2715 3162 2956 3223 strenui
2981 3187 3031 3237 25

718 3273 1080 3334 ministrum
1132 3271 1439 3352 postulat,
1491 3272 1773 3352 ideoque
1826 3273 2044 3333 uineta
2102 3270 2448 3352 plurimum
2485 3290 2602 3351 per
2635 3270 2962 3351 adligatos

900 3499 928 3548 3
968 3494 1164 3535 statura
1204 3489 1247 3534 Β
1296 3495 1484 3535 statum
1526 3482 1624 3535 Ad¹
1674 3485 1811 3534 statii
1847 3486 1985 3544 (min
2025 3502 2051 3533 s
2086 3491 2257 3548 postea
2297 3486 2444 3543 corr.)
2481 3488 2514 3533 S
2749 3485 2858 3546 qi'io
2894 3487 2963 3533 SA

718 3592 875 3638 quom
904 3578 986 3625 ue!
1009 3592 1124 3624 cum
1154 3582 1193 3625 Β
1345 3577 1377 3623 6
1418 3577 1608 3624 indolis
1637 3578 1672 3624 A
1697 3576 1763 3634 (is
1791 3578 1844 3623 in
1872 3591 1930 3623 es
1957 3591 2085 3622 corr.
2113 3592 2182 3621 m.
2211 3579 2327 3630 uer.)
2354 3578 2388 3623 S
2532 3574 2697 3623 eflicit
2723 3578 2769 3623 Β
2795 3575 2967 3624 effecit

719 3670 792 3716 SA
963 3668 1056 3714 sed
1096 3674 1149 3714 et
1185 3675 1441 3727 temperet
1480 3671 1521 3715 Β
1683 3665 1790 3726 quo
1814 3668 1889 3714 SA
1928 3681 2044 3713 cum
2084 3670 2125 3715 Β
2312 3664 2342 3713 8
2383 3666 2580 3712 saenior
2602 3664 2664 3722 (s.
2692 3682 2746 3712 u.
2776 3682 2904 3713 corr.
2929 3670 2970 3709 ee

723 3773 791 3804 m.
841 3762 934 3803 uet.
983 3763 1027 3803 et
1072 3773 1141 3803 m.
1190 3756 1303 3811 rec.)
1341 3758 1379 3804 A
1592 3767 1652 3815 13
1692 3770 1934 3816 quenque
1974 3761 2013 3804 Β
2238 3770 2296 3812 14
2339 3766 2600 3802 aratorem
2640 3756 2884 3804 bkmtui
2919 3756 2968 3801 in

722 3863 893 3909 marg.
930 3862 964 3907 q
1002 3848 1251 3895 maiorem
1291 3844 1502 3905 SAbaeq
1540 3853 1800 3893 aratorem
1840 3846 2090 3892 maiorem
2132 3847 2150 3893 Ι
2189 3846 2442 3892 minorem
2481 3859 2518 3903 g
2705 3854 2769 3906 15
2801 3844 2970 3893 rettuli

723 3935 870 3985 saba
909 3937 1061 3984 retuli
1104 3941 1145 3985 Β
1299 3936 1356 3983 16
1397 3936 1516 3995 quia
1555 3936 1606 3983 in
1644 3936 1689 3983 Β
1723 3936 1843 3994 quin
1871 3936 1918 3982 in
1946 3930 2080 3983 SAd¹
2241 3944 2296 3994 17
2338 3934 2640 3995 qualisunq;
2687 3938 2731 3983 Β
2752 3935 2973 3998 ρῐενιὶμιε

910 4026 969 4074 18
1012 4026 1178 4074 labori
1215 4027 1407 4084 nuptui
1442 4026 1625 4073 labore
1662 4028 2008 4084 sAbcdgknq
2035 4026 2185 4072 labor
2211 4026 2272 4072 sii
2442 4035 2499 4081 19
2528 4024 2970 4082 quemadmodum

723 4118 1023 4176 sucgkmqu
1063 4116 1330 4176 quomodo
1368 4110 1532 4164 Aud¹t
1570 4115 1848 4162 admodum
1889 4115 2157 4174 quomodo
2196 4114 2214 4161 l
2252 4112 2357 4173 quo
2397 4113 2461 4160 si
2505 4126 2657 4171 quam
2699 4108 2760 4160 «1²
2803 4129 2917 4160 cum
2945 4114 2974 4158 ὃ

941 4207 1085 4255 uiros
1124 4222 1227 4253 om.
1269 4210 1329 4252 (s.
1369 4223 1417 4252 u.
1460 4202 1581 4251 add.
1623 4221 1691 4250 m.
1728 4201 1840 4261 rec.)
1867 4205 1903 4251 A
2051 4218 2116 4249 22
2145 4202 2484 4264 irugrlitatem
2514 4202 2624 4257 (alt.
2652 4217 2679 4248 r
2707 4203 2763 4249 in
2793 4219 2823 4250 a
2850 4218 2974 4250 corr.

730 4315 799 4344 m.
839 4303 955 4349 net.)
997 4299 1034 4344 A
1183 4306 1248 4355 23
1289 4297 1580 4356 plerunque
1620 4297 1659 4340 Β
1879 4306 1942 4351 24
1983 4294 2339 4354 improborum
2382 4296 2421 4339 Β
2566 4292 2838 4340 hominum
2865 4296 2977 4355 post

726 4388 1083 4449 improborum
1113 4388 1260 4433 inser.
1286 4391 1325 4434 Β
1346 4400 1448 4431 om.
1469 4380 1680 4433 smmi
1760 4384 1996 4431 condicio
2025 4386 2063 4432 A
2090 4387 2135 4429 et
2160 4383 2202 4429 Β
2230 4382 2424 4441 aliquot
2498 4382 2561 4428 26
2591 4382 2836 4444 alligatos
2861 4384 2976 4431 SAR
