<?xml version="1.0" encoding="UTF-8"?>
<!DOCTYPE html PUBLIC "-//W3C//DTD XHTML 1.0 Transitional//EN"
    "http://www.w3.org/TR/xhtml1/DTD/xhtml1-transitional.dtd">
<html xmlns="http://www.w3.org/1999/xhtml" xml:lang="en" lang="en">
 <head>
  <title>
</title>
<meta http-equiv="Content-Type" content="text/html;charset=utf-8" />
  <meta name='ocr-system' content='tesseract 3.04.00' />
  <meta name='ocr-capabilities' content='ocr_page ocr_carea ocr_par ocr_line ocrx_word'/>
</head>
<body>
  <div class='ocr_page' id='page_1' title='image "./operaquaeexstan00hedbgoog_0079.png"; bbox 0 0 3109 5559; ppageno 0'>
   <div class='ocr_carea' id='block_1_1' title="bbox 1082 419 2615 481">
    <p class='ocr_par' dir='ltr' id='par_1_1' title="bbox 1082 419 2615 481">
     <span class='ocr_line' id='line_1_1' title="bbox 1082 419 2615 481; baseline 0.001 -20"><span class='ocrx_word' id='word_1_1' title='bbox 1082 419 1179 461; x_wconf 68' lang='lat' dir='ltr'><strong>Rssl</strong></span> <span class='ocrx_word' id='word_1_2' title='bbox 1226 419 1534 462; x_wconf 75' lang='lat' dir='ltr'>RVSTICAE</span> <span class='ocrx_word' id='word_1_3' title='bbox 1582 420 1695 462; x_wconf 87' lang='lat' dir='ltr'><strong>LlB.</strong></span> <span class='ocrx_word' id='word_1_4' title='bbox 1747 420 1762 461; x_wconf 89' lang='lat'>1</span> <span class='ocrx_word' id='word_1_5' title='bbox 1803 426 1847 457; x_wconf 77' lang='lat' dir='ltr'><strong>c.</strong></span> <span class='ocrx_word' id='word_1_6' title='bbox 1895 425 1912 457; x_wconf 89' lang='lat'>1</span> <span class='ocrx_word' id='word_1_7' title='bbox 2539 419 2615 481; x_wconf 87' lang='lat'><strong>19</strong></span> 
     </span>
    </p>
   </div>
   <div class='ocr_carea' id='block_1_2' title="bbox 261 577 2725 3655">
    <p class='ocr_par' dir='ltr' id='par_1_2' title="bbox 261 577 2725 3655">
     <span class='ocr_line' id='line_1_2' title="bbox 384 577 2614 660; baseline 0.001 -22"><span class='ocrx_word' id='word_1_8' title='bbox 384 599 431 639; x_wconf 88' lang='lat' dir='ltr'><strong>m</strong></span> <span class='ocrx_word' id='word_1_9' title='bbox 472 580 743 653; x_wconf 86' lang='lat' dir='ltr'><strong>artibus,</strong></span> <span class='ocrx_word' id='word_1_10' title='bbox 796 599 1008 659; x_wconf 90' lang='lat' dir='ltr'><strong>neque</strong></span> <span class='ocrx_word' id='word_1_11' title='bbox 1058 591 1159 640; x_wconf 90' lang='lat' dir='ltr'><strong>est</strong></span> <span class='ocrx_word' id='word_1_12' title='bbox 1204 577 1331 640; x_wconf 89' lang='lat' dir='ltr'><strong>ulla</strong></span> <span class='ocrx_word' id='word_1_13' title='bbox 1379 578 1748 659; x_wconf 80' lang='lat' dir='ltr'><strong>disciplina,</strong></span> <span class='ocrx_word' id='word_1_14' title='bbox 1799 580 1862 640; x_wconf 93' lang='lat' dir='ltr'><strong>in</strong></span> <span class='ocrx_word' id='word_1_15' title='bbox 1913 598 2042 658; x_wconf 92' lang='lat' dir='ltr'><strong>qua</strong></span> <span class='ocrx_word' id='word_1_16' title='bbox 2092 598 2220 640; x_wconf 90' lang='lat' dir='ltr'><strong>non</strong></span> <span class='ocrx_word' id='word_1_17' title='bbox 2273 581 2614 660; x_wconf 90' lang='lat' dir='ltr'><strong>peccando</strong></span> 
     </span>
     <span class='ocr_line' id='line_1_3' title="bbox 380 685 2616 766; baseline 0.003 -21"><span class='ocrx_word' id='word_1_18' title='bbox 380 686 666 747; x_wconf 87' lang='lat' dir='ltr'><strong>discatur.</strong></span> <span class='ocrx_word' id='word_1_19' title='bbox 775 705 929 746; x_wconf 89' lang='lat' dir='ltr'><strong>nam</strong></span> <span class='ocrx_word' id='word_1_20' title='bbox 1011 685 1124 746; x_wconf 92' lang='lat' dir='ltr'><strong>ubi</strong></span> <span class='ocrx_word' id='word_1_21' title='bbox 1193 686 1350 766; x_wconf 92' lang='lat' dir='ltr'><strong>quid</strong></span> <span class='ocrx_word' id='word_1_22' title='bbox 1423 705 1771 766; x_wconf 86' lang='lat' dir='ltr'>perperam</span> <span class='ocrx_word' id='word_1_23' title='bbox 1843 686 2367 748; x_wconf 90' lang='lat' dir='ltr'><strong>administratum</strong></span> <span class='ocrx_word' id='word_1_24' title='bbox 2417 691 2616 753; x_wconf 83' lang='lat' dir='ltr'><strong>cessit</strong></span> 
     </span>
     <span class='ocr_line' id='line_1_4' title="bbox 380 791 2613 874; baseline 0.003 -23"><span class='ocrx_word' id='word_1_25' title='bbox 380 793 768 873; x_wconf 85' lang='lat' dir='ltr'><strong>inprospere,</strong></span> <span class='ocrx_word' id='word_1_26' title='bbox 843 793 1087 854; x_wconf 85' lang='lat' dir='ltr'><strong>nitatur</strong></span> <span class='ocrx_word' id='word_1_27' title='bbox 1156 793 1331 873; x_wconf 91' lang='lat' dir='ltr'><strong>quod</strong></span> <span class='ocrx_word' id='word_1_28' title='bbox 1407 791 1745 865; x_wconf 89' lang='lat' dir='ltr'><strong>fefellerat,</strong></span> <span class='ocrx_word' id='word_1_29' title='bbox 1819 792 2296 874; x_wconf 89' lang='lat' dir='ltr'><strong>inluminatque</strong></span> <span class='ocrx_word' id='word_1_30' title='bbox 2368 807 2613 859; x_wconf 90' lang='lat' dir='ltr'><strong>rectam</strong></span> 
     </span>
     <span class='ocr_line' id='line_1_5' title="bbox 377 900 2716 984; baseline 0.004 -27"><span class='ocrx_word' id='word_1_31' title='bbox 377 901 524 961; x_wconf 90' lang='lat' dir='ltr'><strong>uiam</strong></span> <span class='ocrx_word' id='word_1_32' title='bbox 603 900 914 961; x_wconf 91' lang='lat' dir='ltr'><strong>docentis</strong></span> <span class='ocrx_word' id='word_1_33' title='bbox 986 900 1454 980; x_wconf 88' lang='lat' dir='ltr'><strong>magisterium.</strong></span> <span class='ocrx_word' id='word_1_34' title='bbox 1526 918 1730 980; x_wconf 87' lang='lat' dir='ltr'><strong>quare</strong></span> <span class='ocrx_word' id='word_1_35' title='bbox 1793 910 2017 961; x_wconf 87' lang='lat' dir='ltr'><strong>nostra</strong></span> <span class='ocrx_word' id='word_1_36' title='bbox 2076 911 2433 981; x_wconf 89' lang='lat' dir='ltr'><strong>praecepta</strong></span> <span class='ocrx_word' id='word_1_37' title='bbox 2481 923 2611 966; x_wconf 92' lang='lat' dir='ltr'><strong>non</strong></span> <span class='ocrx_word' id='word_1_38' title='bbox 2646 921 2716 984; x_wconf 89' lang='lat'><strong>17</strong></span> 
     </span>
     <span class='ocr_line' id='line_1_6' title="bbox 334 1005 2616 1087; baseline 0.004 -22"><span class='ocrx_word' id='word_1_39' title='bbox 334 1025 821 1083; x_wconf 84' lang='lat' dir='ltr'><strong>5consummare</strong></span> <span class='ocrx_word' id='word_1_40' title='bbox 868 1007 1230 1078; x_wconf 88' lang='lat' dir='ltr'><strong>scientiam,</strong></span> <span class='ocrx_word' id='word_1_41' title='bbox 1281 1006 1400 1067; x_wconf 91' lang='lat' dir='ltr'><strong>sed</strong></span> <span class='ocrx_word' id='word_1_42' title='bbox 1448 1005 1762 1068; x_wconf 89' lang='lat' dir='ltr'><strong>adiuuare</strong></span> <span class='ocrx_word' id='word_1_43' title='bbox 1810 1007 2220 1087; x_wconf 88' lang='lat' dir='ltr'><strong>promittunt.</strong></span> <span class='ocrx_word' id='word_1_44' title='bbox 2316 1028 2438 1070; x_wconf 92' lang='lat' dir='ltr'><strong>nec</strong></span> <span class='ocrx_word' id='word_1_45' title='bbox 2486 1021 2616 1073; x_wconf 86' lang='lat' dir='ltr'><strong>sta-</strong></span> 
     </span>
     <span class='ocr_line' id='line_1_7' title="bbox 373 1111 2617 1194; baseline 0.003 -21"><span class='ocrx_word' id='word_1_46' title='bbox 373 1116 473 1175; x_wconf 80' lang='lat' dir='ltr'><strong>tim</strong></span> <span class='ocrx_word' id='word_1_47' title='bbox 518 1115 873 1194; x_wconf 89' lang='lat' dir='ltr'><strong>quisquam</strong></span> <span class='ocrx_word' id='word_1_48' title='bbox 922 1133 1200 1193; x_wconf 90' lang='lat' dir='ltr'><strong>compos</strong></span> <span class='ocrx_word' id='word_1_49' title='bbox 1247 1111 1740 1194; x_wconf 83' lang='lat' dir='ltr'><strong>agricolationis</strong></span> <span class='ocrx_word' id='word_1_50' title='bbox 1788 1114 1910 1175; x_wconf 91' lang='lat' dir='ltr'><strong>erit</strong></span> <span class='ocrx_word' id='word_1_51' title='bbox 1952 1113 2052 1175; x_wconf 90' lang='lat' dir='ltr'><strong>his</strong></span> <span class='ocrx_word' id='word_1_52' title='bbox 2085 1112 2392 1194; x_wconf 87' lang='lat' dir='ltr'><strong>perlectis</strong></span> <span class='ocrx_word' id='word_1_53' title='bbox 2424 1118 2617 1179; x_wconf 89' lang='lat' dir='ltr'><strong>ratio·</strong></span> 
     </span>
     <span class='ocr_line' id='line_1_8' title="bbox 374 1219 2613 1302; baseline 0.003 -22"><span class='ocrx_word' id='word_1_54' title='bbox 374 1221 568 1296; x_wconf 91' lang='lat' dir='ltr'><strong>nibus,</strong></span> <span class='ocrx_word' id='word_1_55' title='bbox 625 1222 748 1283; x_wconf 90' lang='lat' dir='ltr'><strong>nisi</strong></span> <span class='ocrx_word' id='word_1_56' title='bbox 799 1234 866 1283; x_wconf 90' lang='lat' dir='ltr'><strong>et</strong></span> <span class='ocrx_word' id='word_1_57' title='bbox 914 1220 1099 1283; x_wconf 91' lang='lat' dir='ltr'><strong>obire</strong></span> <span class='ocrx_word' id='word_1_58' title='bbox 1147 1241 1262 1282; x_wconf 85' lang='lat' dir='ltr'><strong>eas</strong></span> <span class='ocrx_word' id='word_1_59' title='bbox 1308 1220 1587 1282; x_wconf 91' lang='lat' dir='ltr'><strong>uoluerit</strong></span> <span class='ocrx_word' id='word_1_60' title='bbox 1635 1233 1702 1282; x_wconf 91' lang='lat' dir='ltr'><strong>et</strong></span> <span class='ocrx_word' id='word_1_61' title='bbox 1750 1241 1867 1301; x_wconf 88' lang='lat' dir='ltr'><strong>per</strong></span> <span class='ocrx_word' id='word_1_62' title='bbox 1915 1219 2265 1282; x_wconf 85' lang='lat' dir='ltr'><strong>facultates</strong></span> <span class='ocrx_word' id='word_1_63' title='bbox 2307 1225 2613 1302; x_wconf 91' lang='lat' dir='ltr'><strong>potuerit.</strong></span> 
     </span>
     <span class='ocr_line' id='line_1_9' title="bbox 370 1326 2614 1410; baseline 0.002 -22"><span class='ocrx_word' id='word_1_64' title='bbox 370 1329 641 1410; x_wconf 87' lang='lat' dir='ltr'><strong>ideoque</strong></span> <span class='ocrx_word' id='word_1_65' title='bbox 711 1329 874 1390; x_wconf 87' lang='lat' dir='ltr'><strong>haec</strong></span> <span class='ocrx_word' id='word_1_66' title='bbox 937 1326 1115 1390; x_wconf 90' lang='lat' dir='ltr'><strong>uelut</strong></span> <span class='ocrx_word' id='word_1_67' title='bbox 1162 1327 1560 1389; x_wconf 88' lang='lat' dir='ltr'><strong>adminicula</strong></span> <span class='ocrx_word' id='word_1_68' title='bbox 1608 1328 1923 1390; x_wconf 87' lang='lat' dir='ltr'><strong>studiosis</strong></span> <span class='ocrx_word' id='word_1_69' title='bbox 1971 1329 2431 1408; x_wconf 81' lang='lat' dir='ltr'><strong>promittimuS‚</strong></span> <span class='ocrx_word' id='word_1_70' title='bbox 2482 1351 2614 1392; x_wconf 91' lang='lat' dir='ltr'><strong>non</strong></span> 
     </span>
     <span class='ocr_line' id='line_1_10' title="bbox 370 1430 2719 1517; baseline 0.003 -22"><span class='ocrx_word' id='word_1_71' title='bbox 370 1436 701 1514; x_wconf 87' lang='lat' dir='ltr'><strong>profutura</strong></span> <span class='ocrx_word' id='word_1_72' title='bbox 774 1455 889 1515; x_wconf 89' lang='lat' dir='ltr'><strong>per</strong></span> <span class='ocrx_word' id='word_1_73' title='bbox 961 1455 1032 1496; x_wconf 92' lang='lat' dir='ltr'><strong>se</strong></span> <span class='ocrx_word' id='word_1_74' title='bbox 1079 1433 1238 1509; x_wconf 88' lang='lat' dir='ltr'><strong>sola,</strong></span> <span class='ocrx_word' id='word_1_75' title='bbox 1289 1434 1406 1496; x_wconf 89' lang='lat' dir='ltr'><strong>sed</strong></span> <span class='ocrx_word' id='word_1_76' title='bbox 1457 1453 1606 1495; x_wconf 91' lang='lat' dir='ltr'><strong>cum</strong></span> <span class='ocrx_word' id='word_1_77' title='bbox 1654 1433 1813 1497; x_wconf 89' lang='lat' dir='ltr'><strong>aliis.</strong></span> <span class='ocrx_word' id='word_1_78' title='bbox 1912 1454 1990 1495; x_wconf 89' lang='lat' dir='ltr'><strong>ac</strong></span> <span class='ocrx_word' id='word_1_79' title='bbox 2038 1455 2123 1496; x_wconf 92' lang='lat' dir='ltr'><strong>ne</strong></span> <span class='ocrx_word' id='word_1_80' title='bbox 2172 1436 2296 1498; x_wconf 90' lang='lat' dir='ltr'><strong>ista</strong></span> <span class='ocrx_word' id='word_1_81' title='bbox 2344 1430 2612 1517; x_wconf 83' lang='lat' dir='ltr'><strong>quidem</strong></span> <span class='ocrx_word' id='word_1_82' title='bbox 2646 1443 2719 1501; x_wconf 87' lang='lat'><strong>18</strong></span> 
     </span>
     <span class='ocr_line' id='line_1_11' title="bbox 298 1540 2615 1624; baseline 0.002 -21"><span class='ocrx_word' id='word_1_83' title='bbox 298 1541 710 1620; x_wconf 68' lang='lat' dir='ltr'><strong>ropraesidia,</strong></span> <span class='ocrx_word' id='word_1_84' title='bbox 786 1552 855 1602; x_wconf 87' lang='lat' dir='ltr'><strong>ut</strong></span> <span class='ocrx_word' id='word_1_85' title='bbox 920 1541 1226 1615; x_wconf 87' lang='lat' dir='ltr'><strong>diximus,</strong></span> <span class='ocrx_word' id='word_1_86' title='bbox 1295 1562 1426 1603; x_wconf 86' lang='lat' dir='ltr'><strong>non</strong></span> <span class='ocrx_word' id='word_1_87' title='bbox 1496 1540 1811 1603; x_wconf 88' lang='lat' dir='ltr'><strong>adsiduus</strong></span> <span class='ocrx_word' id='word_1_88' title='bbox 1860 1540 2045 1603; x_wconf 95' lang='lat' dir='ltr'><strong>labor</strong></span> <span class='ocrx_word' id='word_1_89' title='bbox 2092 1554 2158 1603; x_wconf 93' lang='lat' dir='ltr'><strong>et</strong></span> <span class='ocrx_word' id='word_1_90' title='bbox 2206 1545 2615 1624; x_wconf 87' lang='lat' dir='ltr'><strong>experientia</strong></span> 
     </span>
     <span class='ocr_line' id='line_1_12' title="bbox 366 1647 2618 1732; baseline 0.004 -25"><span class='ocrx_word' id='word_1_91' title='bbox 366 1648 549 1722; x_wconf 89' lang='lat' dir='ltr'><strong>uilici,</strong></span> <span class='ocrx_word' id='word_1_92' title='bbox 602 1668 736 1710; x_wconf 90' lang='lat' dir='ltr'><strong>non</strong></span> <span class='ocrx_word' id='word_1_93' title='bbox 786 1647 1131 1710; x_wconf 88' lang='lat' dir='ltr'><strong>facultates</strong></span> <span class='ocrx_word' id='word_1_94' title='bbox 1173 1668 1250 1710; x_wconf 89' lang='lat' dir='ltr'><strong>ac</strong></span> <span class='ocrx_word' id='word_1_95' title='bbox 1299 1647 1608 1710; x_wconf 89' lang='lat' dir='ltr'><strong>uoluntas</strong></span> <span class='ocrx_word' id='word_1_96' title='bbox 1641 1648 2043 1729; x_wconf 91' lang='lat' dir='ltr'><strong>inpendendi</strong></span> <span class='ocrx_word' id='word_1_97' title='bbox 2079 1660 2333 1711; x_wconf 89' lang='lat' dir='ltr'><strong>tantum</strong></span> <span class='ocrx_word' id='word_1_98' title='bbox 2367 1650 2618 1732; x_wconf 90' lang='lat' dir='ltr'><strong>pollent</strong></span> 
     </span>
     <span class='ocr_line' id='line_1_13' title="bbox 362 1754 2616 1839; baseline 0.002 -23"><span class='ocrx_word' id='word_1_99' title='bbox 362 1769 680 1835; x_wconf 88' lang='lat' dir='ltr'><strong>quantum</strong></span> <span class='ocrx_word' id='word_1_100' title='bbox 754 1754 855 1817; x_wconf 90' lang='lat' dir='ltr'><strong>uel</strong></span> <span class='ocrx_word' id='word_1_101' title='bbox 928 1776 1056 1816; x_wconf 88' lang='lat' dir='ltr'><strong>una</strong></span> <span class='ocrx_word' id='word_1_102' title='bbox 1127 1756 1498 1836; x_wconf 89' lang='lat' dir='ltr'><strong>praesentia</strong></span> <span class='ocrx_word' id='word_1_103' title='bbox 1570 1756 1839 1829; x_wconf 92' lang='lat' dir='ltr'><strong>domini,</strong></span> <span class='ocrx_word' id='word_1_104' title='bbox 1912 1776 2083 1836; x_wconf 90' lang='lat' dir='ltr'><strong>quae</strong></span> <span class='ocrx_word' id='word_1_105' title='bbox 2139 1757 2259 1818; x_wconf 88' lang='lat' dir='ltr'><strong>nisi</strong></span> <span class='ocrx_word' id='word_1_106' title='bbox 2311 1756 2616 1839; x_wconf 84' lang='lat' dir='ltr'><strong>frequens</strong></span> 
     </span>
     <span class='ocr_line' id='line_1_14' title="bbox 360 1863 2612 1945; baseline 0.002 -22"><span class='ocrx_word' id='word_1_107' title='bbox 360 1865 679 1942; x_wconf 90' lang='lat' dir='ltr'><strong>operibus</strong></span> <span class='ocrx_word' id='word_1_108' title='bbox 736 1864 1179 1934; x_wconf 88' lang='lat' dir='ltr'><strong>interuenerit,</strong></span> <span class='ocrx_word' id='word_1_109' title='bbox 1231 1874 1301 1923; x_wconf 91' lang='lat' dir='ltr'><strong>ut</strong></span> <span class='ocrx_word' id='word_1_110' title='bbox 1349 1863 1413 1924; x_wconf 91' lang='lat' dir='ltr'><strong>in</strong></span> <span class='ocrx_word' id='word_1_111' title='bbox 1462 1863 1781 1938; x_wconf 86' lang='lat' dir='ltr'><strong>exercitu,</strong></span> <span class='ocrx_word' id='word_1_112' title='bbox 1832 1883 1979 1925; x_wconf 92' lang='lat' dir='ltr'><strong>cum</strong></span> <span class='ocrx_word' id='word_1_113' title='bbox 2014 1863 2204 1926; x_wconf 88' lang='lat' dir='ltr'><strong>abest</strong></span> <span class='ocrx_word' id='word_1_114' title='bbox 2237 1865 2612 1945; x_wconf 92' lang='lat' dir='ltr'><strong>imperator,</strong></span> 
     </span>
     <span class='ocr_line' id='line_1_15' title="bbox 359 1968 2613 2052; baseline 0.002 -22"><span class='ocrx_word' id='word_1_115' title='bbox 359 1984 597 2033; x_wconf 87' lang='lat' dir='ltr'><strong>cuncta</strong></span> <span class='ocrx_word' id='word_1_116' title='bbox 647 1983 912 2032; x_wconf 88' lang='lat' dir='ltr'><strong>cessant</strong></span> <span class='ocrx_word' id='word_1_117' title='bbox 960 1968 1198 2032; x_wconf 85' lang='lat' dir='ltr'><strong>officia.</strong></span> <span class='ocrx_word' id='word_1_118' title='bbox 1294 1971 1716 2051; x_wconf 83' lang='lat' dir='ltr'><strong>maximeque</strong></span> <span class='ocrx_word' id='word_1_119' title='bbox 1765 1990 1910 2033; x_wconf 89' lang='lat' dir='ltr'><strong>reor</strong></span> <span class='ocrx_word' id='word_1_120' title='bbox 1956 1971 2084 2032; x_wconf 91' lang='lat' dir='ltr'><strong>hoc</strong></span> <span class='ocrx_word' id='word_1_121' title='bbox 2131 1972 2613 2052; x_wconf 85' lang='lat' dir='ltr'><strong>significantem</strong></span> 
     </span>
     <span class='ocr_line' id='line_1_16' title="bbox 283 2076 2616 2157; baseline 0 -17"><span class='ocrx_word' id='word_1_122' title='bbox 283 2107 334 2155; x_wconf 65' lang='grc' dir='ltr'><strong>ις</strong></span> <span class='ocrx_word' id='word_1_123' title='bbox 360 2077 653 2139; x_wconf 85' lang='lat' dir='ltr'><strong>Poenum</strong></span> <span class='ocrx_word' id='word_1_124' title='bbox 714 2076 1073 2157; x_wconf 86' lang='lat' dir='ltr'><strong>Magonem</strong></span> <span class='ocrx_word' id='word_1_125' title='bbox 1131 2096 1394 2138; x_wconf 92' lang='lat' dir='ltr'><strong>suorum</strong></span> <span class='ocrx_word' id='word_1_126' title='bbox 1452 2078 1847 2157; x_wconf 89' lang='lat' dir='ltr'><strong>scriptorum</strong></span> <span class='ocrx_word' id='word_1_127' title='bbox 1898 2078 2324 2157; x_wconf 88' lang='lat' dir='ltr'><strong>primordium</strong></span> <span class='ocrx_word' id='word_1_128' title='bbox 2374 2078 2616 2142; x_wconf 90' lang='lat' dir='ltr'><strong>talibus</strong></span> 
     </span>
     <span class='ocr_line' id='line_1_17' title="bbox 356 2184 2613 2265; baseline 0.001 -20"><span class='ocrx_word' id='word_1_129' title='bbox 356 2187 776 2265; x_wconf 87' lang='lat' dir='ltr'><strong>auspicatum</strong></span> <span class='ocrx_word' id='word_1_130' title='bbox 824 2185 1198 2246; x_wconf 88' lang='lat' dir='ltr'><strong>sententiis:</strong></span> <span class='ocrx_word' id='word_1_131' title='bbox 1249 2184 1375 2264; x_wconf 91' lang='lat' dir='ltr'><strong>qui</strong></span> <span class='ocrx_word' id='word_1_132' title='bbox 1427 2203 1694 2264; x_wconf 83' lang='lat' dir='ltr'><strong>agrum</strong></span> <span class='ocrx_word' id='word_1_133' title='bbox 1732 2186 2067 2264; x_wconf 86' lang='lat' dir='ltr'><strong>parauit,</strong></span> <span class='ocrx_word' id='word_1_134' title='bbox 2103 2185 2410 2246; x_wconf 90' lang='lat' dir='ltr'><strong>domum</strong></span> <span class='ocrx_word' id='word_1_135' title='bbox 2445 2206 2613 2248; x_wconf 88' lang='lat' dir='ltr'><strong>uen-</strong></span> 
     </span>
     <span class='ocr_line' id='line_1_18' title="bbox 354 2290 2611 2371; baseline 0.001 -19"><span class='ocrx_word' id='word_1_136' title='bbox 354 2293 510 2367; x_wconf 91' lang='lat' dir='ltr'><strong>dat,</strong></span> <span class='ocrx_word' id='word_1_137' title='bbox 564 2313 659 2354; x_wconf 89' lang='lat' dir='ltr'><strong>ne</strong></span> <span class='ocrx_word' id='word_1_138' title='bbox 696 2290 921 2353; x_wconf 90' lang='lat' dir='ltr'><strong>malit</strong></span> <span class='ocrx_word' id='word_1_139' title='bbox 957 2290 1327 2353; x_wconf 89' lang='lat' dir='ltr'><strong>urbanum</strong></span> <span class='ocrx_word' id='word_1_140' title='bbox 1361 2310 1587 2371; x_wconf 90' lang='lat' dir='ltr'><strong>quam</strong></span> <span class='ocrx_word' id='word_1_141' title='bbox 1622 2291 2010 2352; x_wconf 88' lang='lat' dir='ltr'><strong>rusticum</strong></span> <span class='ocrx_word' id='word_1_142' title='bbox 2048 2290 2285 2353; x_wconf 90' lang='lat' dir='ltr'><strong>larem</strong></span> <span class='ocrx_word' id='word_1_143' title='bbox 2320 2291 2611 2369; x_wconf 90' lang='lat' dir='ltr'><strong>colere;</strong></span> 
     </span>
     <span class='ocr_line' id='line_1_19' title="bbox 355 2396 2611 2480; baseline 0.001 -22"><span class='ocrx_word' id='word_1_144' title='bbox 355 2401 475 2460; x_wconf 91' lang='lat' dir='ltr'><strong>cui</strong></span> <span class='ocrx_word' id='word_1_145' title='bbox 528 2399 787 2480; x_wconf 87' lang='lat' dir='ltr'><strong>magis</strong></span> <span class='ocrx_word' id='word_1_146' title='bbox 833 2398 1054 2459; x_wconf 92' lang='lat' dir='ltr'><strong>cordi</strong></span> <span class='ocrx_word' id='word_1_147' title='bbox 1091 2396 1328 2458; x_wconf 87' lang='lat' dir='ltr'><strong>fuerit</strong></span> <span class='ocrx_word' id='word_1_148' title='bbox 1361 2397 1737 2458; x_wconf 90' lang='lat' dir='ltr'><strong>urbanum</strong></span> <span class='ocrx_word' id='word_1_149' title='bbox 1773 2397 2276 2473; x_wconf 87' lang='lat' dir='ltr'><strong>domicilium,</strong></span> <span class='ocrx_word' id='word_1_150' title='bbox 2313 2401 2611 2461; x_wconf 90' lang='lat' dir='ltr'><strong>rustico</strong></span> 
     </span>
     <span class='ocr_line' id='line_1_20' title="bbox 350 2503 2717 2586; baseline 0 -19"><span class='ocrx_word' id='word_1_151' title='bbox 350 2507 691 2586; x_wconf 90' lang='lat' dir='ltr'><strong>praedio</strong></span> <span class='ocrx_word' id='word_1_152' title='bbox 741 2525 885 2565; x_wconf 90' lang='lat' dir='ltr'><strong>non</strong></span> <span class='ocrx_word' id='word_1_153' title='bbox 936 2505 1083 2566; x_wconf 90' lang='lat' dir='ltr'><strong>erit</strong></span> <span class='ocrx_word' id='word_1_154' title='bbox 1132 2524 1348 2585; x_wconf 83' lang='lat' dir='ltr'><strong>opuS.</strong></span> <span class='ocrx_word' id='word_1_155' title='bbox 1430 2503 1610 2584; x_wconf 88' lang='lat' dir='ltr'><strong>quod</strong></span> <span class='ocrx_word' id='word_1_156' title='bbox 1646 2524 1775 2584; x_wconf 87' lang='lat' dir='ltr'><strong>ego</strong></span> <span class='ocrx_word' id='word_1_157' title='bbox 1809 2517 2257 2585; x_wconf 88' lang='lat' dir='ltr'><strong>praeceptum,</strong></span> <span class='ocrx_word' id='word_1_158' title='bbox 2293 2506 2346 2566; x_wconf 90' lang='lat' dir='ltr'><strong>si</strong></span> <span class='ocrx_word' id='word_1_159' title='bbox 2383 2520 2610 2586; x_wconf 90' lang='lat' dir='ltr'><strong>posset</strong></span> <span class='ocrx_word' id='word_1_160' title='bbox 2643 2526 2717 2586; x_wconf 86' lang='lat'><strong>19</strong></span> 
     </span>
     <span class='ocr_line' id='line_1_21' title="bbox 264 2611 2614 2693; baseline 0 -18"><span class='ocrx_word' id='word_1_161' title='bbox 264 2642 327 2677; x_wconf 77' lang='lat'><strong>20</strong></span> <span class='ocrx_word' id='word_1_162' title='bbox 348 2613 451 2674; x_wconf 89' lang='lat' dir='ltr'><strong>his</strong></span> <span class='ocrx_word' id='word_1_163' title='bbox 522 2613 939 2692; x_wconf 88' lang='lat' dir='ltr'><strong>temporibus</strong></span> <span class='ocrx_word' id='word_1_164' title='bbox 987 2611 1343 2685; x_wconf 91' lang='lat' dir='ltr'><strong>obseruari,</strong></span> <span class='ocrx_word' id='word_1_165' title='bbox 1396 2631 1527 2672; x_wconf 89' lang='lat' dir='ltr'><strong>non</strong></span> <span class='ocrx_word' id='word_1_166' title='bbox 1578 2612 1986 2672; x_wconf 88' lang='lat' dir='ltr'><strong>inmutarem.</strong></span> <span class='ocrx_word' id='word_1_167' title='bbox 2084 2631 2256 2673; x_wconf 91' lang='lat' dir='ltr'><strong>nunc</strong></span> <span class='ocrx_word' id='word_1_168' title='bbox 2305 2614 2614 2693; x_wconf 90' lang='lat' dir='ltr'><strong>quoniam</strong></span> 
     </span>
     <span class='ocr_line' id='line_1_22' title="bbox 344 2716 2618 2801; baseline 0 -20"><span class='ocrx_word' id='word_1_169' title='bbox 344 2719 712 2800; x_wconf 88' lang='lat' dir='ltr'><strong>plerosque</strong></span> <span class='ocrx_word' id='word_1_170' title='bbox 762 2730 1055 2780; x_wconf 86' lang='lat' dir='ltr'><strong>nostrum</strong></span> <span class='ocrx_word' id='word_1_171' title='bbox 1106 2716 1318 2779; x_wconf 89' lang='lat' dir='ltr'><strong>ciuilis</strong></span> <span class='ocrx_word' id='word_1_172' title='bbox 1366 2718 1642 2779; x_wconf 91' lang='lat' dir='ltr'><strong>ambitio</strong></span> <span class='ocrx_word' id='word_1_173' title='bbox 1690 2737 1893 2797; x_wconf 87' lang='lat' dir='ltr'><strong>saepe</strong></span> <span class='ocrx_word' id='word_1_174' title='bbox 1942 2731 2180 2781; x_wconf 90' lang='lat' dir='ltr'><strong>euocat</strong></span> <span class='ocrx_word' id='word_1_175' title='bbox 2226 2739 2305 2781; x_wconf 93' lang='lat' dir='ltr'><strong>ac</strong></span> <span class='ocrx_word' id='word_1_176' title='bbox 2350 2722 2618 2801; x_wconf 89' lang='lat' dir='ltr'><strong>saepius</strong></span> 
     </span>
     <span class='ocr_line' id='line_1_23' title="bbox 340 2824 2614 2906; baseline 0.001 -19"><span class='ocrx_word' id='word_1_177' title='bbox 340 2828 608 2889; x_wconf 87' lang='lat' dir='ltr'><strong>detinet</strong></span> <span class='ocrx_word' id='word_1_178' title='bbox 642 2838 981 2899; x_wconf 81' lang='lat' dir='ltr'><strong>euocatoS,</strong></span> <span class='ocrx_word' id='word_1_179' title='bbox 1016 2826 1333 2906; x_wconf 87' lang='lat' dir='ltr'><strong>sequitur,</strong></span> <span class='ocrx_word' id='word_1_180' title='bbox 1366 2837 1437 2886; x_wconf 92' lang='lat' dir='ltr'><strong>ut</strong></span> <span class='ocrx_word' id='word_1_181' title='bbox 1468 2824 1921 2887; x_wconf 87' lang='lat' dir='ltr'><strong>suburbanum</strong></span> <span class='ocrx_word' id='word_1_182' title='bbox 1957 2825 2298 2905; x_wconf 91' lang='lat' dir='ltr'><strong>praedium</strong></span> <span class='ocrx_word' id='word_1_183' title='bbox 2328 2846 2614 2889; x_wconf 92' lang='lat' dir='ltr'><strong>commo·</strong></span> 
     </span>
     <span class='ocr_line' id='line_1_24' title="bbox 336 2931 2617 3013; baseline 0.001 -19"><span class='ocrx_word' id='word_1_184' title='bbox 336 2935 699 2995; x_wconf 89' lang='lat' dir='ltr'><strong>dissimum</strong></span> <span class='ocrx_word' id='word_1_185' title='bbox 748 2953 895 2995; x_wconf 88' lang='lat' dir='ltr'><strong>esse</strong></span> <span class='ocrx_word' id='word_1_186' title='bbox 943 2944 1190 3013; x_wconf 89' lang='lat' dir='ltr'><strong>putem,</strong></span> <span class='ocrx_word' id='word_1_187' title='bbox 1228 2952 1361 3012; x_wconf 91' lang='lat' dir='ltr'><strong>quo</strong></span> <span class='ocrx_word' id='word_1_188' title='bbox 1403 2931 1505 2993; x_wconf 89' lang='lat' dir='ltr'><strong>uel</strong></span> <span class='ocrx_word' id='word_1_189' title='bbox 1538 2942 1867 3013; x_wconf 90' lang='lat' dir='ltr'><strong>occupato</strong></span> <span class='ocrx_word' id='word_1_190' title='bbox 1901 2932 2274 2995; x_wconf 89' lang='lat' dir='ltr'><strong>cotidianus</strong></span> <span class='ocrx_word' id='word_1_191' title='bbox 2304 2953 2617 2997; x_wconf 87' lang='lat' dir='ltr'><strong>excursus</strong></span> 
     </span>
     <span class='ocr_line' id='line_1_25' title="bbox 334 3037 2725 3121; baseline 0 -20"><span class='ocrx_word' id='word_1_192' title='bbox 334 3040 541 3103; x_wconf 84' lang='lat' dir='ltr'><strong>facile</strong></span> <span class='ocrx_word' id='word_1_193' title='bbox 596 3050 751 3121; x_wconf 88' lang='lat' dir='ltr'><strong>post</strong></span> <span class='ocrx_word' id='word_1_194' title='bbox 800 3040 1067 3120; x_wconf 88' lang='lat' dir='ltr'><strong>negotia</strong></span> <span class='ocrx_word' id='word_1_195' title='bbox 1118 3037 1238 3101; x_wconf 91' lang='lat' dir='ltr'><strong>fori</strong></span> <span class='ocrx_word' id='word_1_196' title='bbox 1288 3040 1652 3119; x_wconf 88' lang='lat' dir='ltr'><strong>contingat.</strong></span> <span class='ocrx_word' id='word_1_197' title='bbox 1748 3059 1900 3100; x_wconf 92' lang='lat' dir='ltr'><strong>nam</strong></span> <span class='ocrx_word' id='word_1_198' title='bbox 1949 3040 2058 3120; x_wconf 89' lang='lat' dir='ltr'><strong>qui</strong></span> <span class='ocrx_word' id='word_1_199' title='bbox 2109 3039 2487 3121; x_wconf 84' lang='lat' dir='ltr'><strong>longinqua,</strong></span> <span class='ocrx_word' id='word_1_200' title='bbox 2534 3063 2615 3103; x_wconf 90' lang='lat' dir='ltr'><strong>ne</strong></span> <span class='ocrx_word' id='word_1_201' title='bbox 2643 3059 2725 3102; x_wconf 85' lang='lat'><strong>20</strong></span> 
     </span>
     <span class='ocr_line' id='line_1_26' title="bbox 261 3145 2615 3227; baseline 0 -17"><span class='ocrx_word' id='word_1_202' title='bbox 261 3178 305 3227; x_wconf 69' lang='grc' dir='ltr'><strong>ες</strong></span> <span class='ocrx_word' id='word_1_203' title='bbox 333 3148 574 3209; x_wconf 86' lang='lat' dir='ltr'><strong>dicam</strong></span> <span class='ocrx_word' id='word_1_204' title='bbox 627 3148 1059 3208; x_wconf 89' lang='lat' dir='ltr'><strong>transmarina</strong></span> <span class='ocrx_word' id='word_1_205' title='bbox 1109 3166 1256 3207; x_wconf 89' lang='lat' dir='ltr'><strong>rura</strong></span> <span class='ocrx_word' id='word_1_206' title='bbox 1290 3158 1682 3219; x_wconf 86' lang='lat' dir='ltr'><strong>mercantur,</strong></span> <span class='ocrx_word' id='word_1_207' title='bbox 1719 3145 1899 3208; x_wconf 90' lang='lat' dir='ltr'><strong>uelut</strong></span> <span class='ocrx_word' id='word_1_208' title='bbox 1924 3145 2278 3209; x_wconf 88' lang='lat' dir='ltr'><strong>heredibus</strong></span> <span class='ocrx_word' id='word_1_209' title='bbox 2312 3149 2615 3227; x_wconf 91' lang='lat' dir='ltr'><strong>patrimo-</strong></span> 
     </span>
     <span class='ocr_line' id='line_1_27' title="bbox 330 3253 2612 3336; baseline 0 -19"><span class='ocrx_word' id='word_1_210' title='bbox 330 3258 449 3317; x_wconf 92' lang='lat' dir='ltr'><strong>nio</strong></span> <span class='ocrx_word' id='word_1_211' title='bbox 486 3276 625 3317; x_wconf 89' lang='lat' dir='ltr'><strong>suo</strong></span> <span class='ocrx_word' id='word_1_212' title='bbox 656 3265 743 3329; x_wconf 90' lang='lat' dir='ltr'><strong>et,</strong></span> <span class='ocrx_word' id='word_1_213' title='bbox 778 3253 958 3334; x_wconf 93' lang='lat' dir='ltr'><strong>quod</strong></span> <span class='ocrx_word' id='word_1_214' title='bbox 994 3254 1259 3334; x_wconf 87' lang='lat' dir='ltr'><strong>grauius</strong></span> <span class='ocrx_word' id='word_1_215' title='bbox 1290 3265 1410 3328; x_wconf 90' lang='lat' dir='ltr'><strong>est,</strong></span> <span class='ocrx_word' id='word_1_216' title='bbox 1446 3254 1577 3315; x_wconf 91' lang='lat' dir='ltr'><strong>uiui</strong></span> <span class='ocrx_word' id='word_1_217' title='bbox 1612 3253 1858 3315; x_wconf 90' lang='lat' dir='ltr'><strong>cedunt</strong></span> <span class='ocrx_word' id='word_1_218' title='bbox 1890 3255 2096 3316; x_wconf 87' lang='lat' dir='ltr'><strong>seruis</strong></span> <span class='ocrx_word' id='word_1_219' title='bbox 2120 3256 2273 3329; x_wconf 82' lang='lat' dir='ltr'><strong>suiS,</strong></span> <span class='ocrx_word' id='word_1_220' title='bbox 2302 3257 2612 3336; x_wconf 91' lang='lat' dir='ltr'><strong>quoniam</strong></span> 
     </span>
     <span class='ocr_line' id='line_1_28' title="bbox 328 3359 2618 3444; baseline 0 -19"><span class='ocrx_word' id='word_1_221' title='bbox 328 3364 629 3444; x_wconf 89' lang='lat' dir='ltr'><strong>quidem</strong></span> <span class='ocrx_word' id='word_1_222' title='bbox 676 3374 741 3422; x_wconf 90' lang='lat' dir='ltr'><strong>et</strong></span> <span class='ocrx_word' id='word_1_223' title='bbox 789 3360 879 3422; x_wconf 91' lang='lat' dir='ltr'><strong>illi</strong></span> <span class='ocrx_word' id='word_1_224' title='bbox 913 3373 1047 3423; x_wconf 91' lang='lat' dir='ltr'><strong>tam</strong></span> <span class='ocrx_word' id='word_1_225' title='bbox 1079 3359 1282 3441; x_wconf 88' lang='lat' dir='ltr'><strong>longa</strong></span> <span class='ocrx_word' id='word_1_226' title='bbox 1314 3361 1733 3421; x_wconf 92' lang='lat' dir='ltr'><strong>dominorum</strong></span> <span class='ocrx_word' id='word_1_227' title='bbox 1766 3359 2076 3422; x_wconf 89' lang='lat' dir='ltr'><strong>distantia</strong></span> <span class='ocrx_word' id='word_1_228' title='bbox 2112 3373 2618 3442; x_wconf 89' lang='lat' dir='ltr'><strong>corrumpuntur</strong></span> 
     </span>
     <span class='ocr_line' id='line_1_29' title="bbox 324 3467 2615 3550; baseline -0 -16"><span class='ocrx_word' id='word_1_229' title='bbox 324 3485 395 3534; x_wconf 93' lang='lat' dir='ltr'><strong>et</strong></span> <span class='ocrx_word' id='word_1_230' title='bbox 478 3469 782 3548; x_wconf 90' lang='lat' dir='ltr'><strong>corrupti</strong></span> <span class='ocrx_word' id='word_1_231' title='bbox 848 3479 1002 3548; x_wconf 91' lang='lat' dir='ltr'><strong>post</strong></span> <span class='ocrx_word' id='word_1_232' title='bbox 1048 3467 1317 3549; x_wconf 87' lang='lat' dir='ltr'><strong>flagitia,</strong></span> <span class='ocrx_word' id='word_1_233' title='bbox 1367 3488 1538 3547; x_wconf 90' lang='lat' dir='ltr'><strong>quae</strong></span> <span class='ocrx_word' id='word_1_234' title='bbox 1586 3467 2053 3541; x_wconf 90' lang='lat' dir='ltr'><strong>conmiserunt,</strong></span> <span class='ocrx_word' id='word_1_235' title='bbox 2103 3469 2227 3529; x_wconf 90' lang='lat' dir='ltr'><strong>sub</strong></span> <span class='ocrx_word' id='word_1_236' title='bbox 2275 3484 2615 3550; x_wconf 88' lang='lat' dir='ltr'><strong>exspecta-</strong></span> 
     </span>
     <span class='ocr_line' id='line_1_30' title="bbox 325 3574 2523 3655; baseline -0.001 -14"><span class='ocrx_word' id='word_1_237' title='bbox 325 3581 531 3641; x_wconf 87' lang='lat' dir='ltr'><strong>tione</strong></span> <span class='ocrx_word' id='word_1_238' title='bbox 586 3594 1046 3637; x_wconf 87' lang='lat' dir='ltr'><strong>successorum</strong></span> <span class='ocrx_word' id='word_1_239' title='bbox 1094 3575 1342 3655; x_wconf 87' lang='lat' dir='ltr'><strong>rapinis</strong></span> <span class='ocrx_word' id='word_1_240' title='bbox 1390 3575 1604 3655; x_wconf 85' lang='lat' dir='ltr'><strong>magis</strong></span> <span class='ocrx_word' id='word_1_241' title='bbox 1649 3595 1847 3655; x_wconf 89' lang='lat' dir='ltr'><strong>quam</strong></span> <span class='ocrx_word' id='word_1_242' title='bbox 1897 3574 2188 3637; x_wconf 87' lang='lat' dir='ltr'><strong>culturae</strong></span> <span class='ocrx_word' id='word_1_243' title='bbox 2236 3578 2523 3639; x_wconf 87' lang='lat' dir='ltr'><strong>student.</strong></span> 
     </span>
    </p>
   </div>
   <div class='ocr_carea' id='block_1_3' title="bbox 311 3722 2620 4507">
    <p class='ocr_par' dir='ltr' id='par_1_3' title="bbox 492 3722 2620 3785">
     <span class='ocr_line' id='line_1_31' title="bbox 492 3722 2620 3785; baseline -0.002 -12"><span class='ocrx_word' id='word_1_244' title='bbox 492 3739 513 3773; x_wconf 80' lang='grc' dir='ltr'>ι</span> <span class='ocrx_word' id='word_1_245' title='bbox 572 3741 678 3773; x_wconf 90' lang='lat' dir='ltr'><strong>non</strong></span> <span class='ocrx_word' id='word_1_246' title='bbox 719 3741 823 3773; x_wconf 85' lang='lat' dir='ltr'><strong>om.</strong></span> <span class='ocrx_word' id='word_1_247' title='bbox 859 3741 903 3775; x_wconf 82' lang='lat' dir='ltr'><strong>s.</strong></span> <span class='ocrx_word' id='word_1_248' title='bbox 942 3742 992 3771; x_wconf 82' lang='lat' dir='ltr'><strong>u.</strong></span> <span class='ocrx_word' id='word_1_249' title='bbox 1031 3723 1197 3772; x_wconf 75' lang='lat' dir='ltr'><strong>adscr.</strong></span> <span class='ocrx_word' id='word_1_250' title='bbox 1224 3738 1294 3769; x_wconf 83' lang='lat' dir='ltr'><strong>m.</strong></span> <span class='ocrx_word' id='word_1_251' title='bbox 1325 3730 1407 3785; x_wconf 82' lang='lat' dir='ltr'><strong>pr.</strong></span> <span class='ocrx_word' id='word_1_252' title='bbox 1437 3725 1472 3770; x_wconf 99' lang='lat' dir='ltr'>A</span> <span class='ocrx_word' id='word_1_253' title='bbox 1624 3735 1653 3769; x_wconf 85' lang='lat'>2</span> <span class='ocrx_word' id='word_1_254' title='bbox 1681 3722 1896 3770; x_wconf 77' lang='lat' dir='ltr'><strong>discitur</strong></span> <span class='ocrx_word' id='word_1_255' title='bbox 1921 3726 1955 3769; x_wconf 85' lang='lat' dir='ltr'>S</span> <span class='ocrx_word' id='word_1_256' title='bbox 2099 3723 2319 3770; x_wconf 77' lang='lat' dir='ltr'><strong>cesserit</strong></span> <span class='ocrx_word' id='word_1_257' title='bbox 2356 3725 2399 3770; x_wconf 82' lang='grc' dir='ltr'><strong>Β</strong></span> <span class='ocrx_word' id='word_1_258' title='bbox 2424 3722 2620 3783; x_wconf 79' lang='lat' dir='ltr'><strong>aliquot</strong></span> 
     </span>
    </p>

    <p class='ocr_par' dir='ltr' id='par_1_4' title="bbox 318 3812 2617 4056">
     <span class='ocr_line' id='line_1_32' title="bbox 486 3812 2611 3877; baseline -0.003 -15"><span class='ocrx_word' id='word_1_259' title='bbox 486 3828 522 3877; x_wconf 90' lang='lat'>3</span> <span class='ocrx_word' id='word_1_260' title='bbox 570 3816 903 3877; x_wconf 84' lang='lat' dir='ltr'><strong>improspere</strong></span> <span class='ocrx_word' id='word_1_261' title='bbox 939 3816 986 3863; x_wconf 88' lang='grc' dir='ltr'><strong>Β</strong></span> <span class='ocrx_word' id='word_1_262' title='bbox 1017 3814 1244 3877; x_wconf 72' lang='lat' dir='ltr'><strong>plerique</strong></span> <span class='ocrx_word' id='word_1_263' title='bbox 1389 3812 1745 3872; x_wconf 72' lang='lat' dir='ltr'><strong>illuminatque</strong></span> <span class='ocrx_word' id='word_1_264' title='bbox 1784 3815 1827 3860; x_wconf 75' lang='lat' dir='ltr'>R</span> <span class='ocrx_word' id='word_1_265' title='bbox 1974 3824 2001 3873; x_wconf 82' lang='lat'>5</span> <span class='ocrx_word' id='word_1_266' title='bbox 2043 3812 2316 3859; x_wconf 85' lang='lat' dir='ltr'><strong>admittunt</strong></span> <span class='ocrx_word' id='word_1_267' title='bbox 2351 3812 2413 3873; x_wconf 71' lang='lat' dir='ltr'><strong>(p</strong></span> <span class='ocrx_word' id='word_1_268' title='bbox 2447 3827 2514 3859; x_wconf 85' lang='lat' dir='ltr'><strong>ss.</strong></span> <span class='ocrx_word' id='word_1_269' title='bbox 2543 3827 2611 3857; x_wconf 86' lang='lat' dir='ltr'><strong>m.</strong></span> 
     </span>
     <span class='ocr_line' id='line_1_33' title="bbox 318 3900 2615 3962; baseline -0.003 -8"><span class='ocrx_word' id='word_1_270' title='bbox 318 3908 451 3961; x_wconf 81' lang='lat' dir='ltr'><strong>rec.)</strong></span> <span class='ocrx_word' id='word_1_271' title='bbox 483 3910 529 3955; x_wconf 72' lang='lat' dir='ltr'>A</span> <span class='ocrx_word' id='word_1_272' title='bbox 694 3904 727 3952; x_wconf 89' lang='lat'>8</span> <span class='ocrx_word' id='word_1_273' title='bbox 766 3905 921 3952; x_wconf 84' lang='lat' dir='ltr'><strong>uelud</strong></span> <span class='ocrx_word' id='word_1_274' title='bbox 948 3906 985 3951; x_wconf 91' lang='lat' dir='ltr'>A</span> <span class='ocrx_word' id='word_1_275' title='bbox 1139 3915 1203 3952; x_wconf 89' lang='lat'><strong>10</strong></span> <span class='ocrx_word' id='word_1_276' title='bbox 1228 3903 1471 3952; x_wconf 69' lang='lat' dir='ltr'><strong>assiduus</strong></span> <span class='ocrx_word' id='word_1_277' title='bbox 1495 3903 1540 3950; x_wconf 97' lang='grc' dir='ltr'><strong>Β</strong></span> <span class='ocrx_word' id='word_1_278' title='bbox 1692 3918 1712 3948; x_wconf 87' lang='lat'>1</span> <span class='ocrx_word' id='word_1_279' title='bbox 1729 3917 1748 3948; x_wconf 85' lang='lat'>1</span> <span class='ocrx_word' id='word_1_280' title='bbox 1783 3902 2112 3961; x_wconf 88' lang='lat' dir='ltr'><strong>impendendi</strong></span> <span class='ocrx_word' id='word_1_281' title='bbox 2138 3902 2183 3949; x_wconf 98' lang='grc' dir='ltr'><strong>Β</strong></span> <span class='ocrx_word' id='word_1_282' title='bbox 2337 3913 2394 3960; x_wconf 86' lang='lat'><strong>14</strong></span> <span class='ocrx_word' id='word_1_283' title='bbox 2422 3900 2615 3962; x_wconf 77' lang='lat' dir='ltr'><strong>signifi-</strong></span> 
     </span>
     <span class='ocr_line' id='line_1_34' title="bbox 318 3988 2617 4056; baseline -0.004 -10"><span class='ocrx_word' id='word_1_284' title='bbox 318 4004 491 4046; x_wconf 81' lang='lat' dir='ltr'><strong>cante</strong></span> <span class='ocrx_word' id='word_1_285' title='bbox 538 3997 580 4042; x_wconf 82' lang='lat' dir='ltr'>S</span> <span class='ocrx_word' id='word_1_286' title='bbox 720 4004 778 4054; x_wconf 85' lang='lat'><strong>17</strong></span> <span class='ocrx_word' id='word_1_287' title='bbox 816 3993 976 4041; x_wconf 85' lang='lat' dir='ltr'><strong>mallit</strong></span> <span class='ocrx_word' id='word_1_288' title='bbox 1001 3994 1098 4056; x_wconf 82' lang='lat' dir='ltr'><strong>(pr.</strong></span> <span class='ocrx_word' id='word_1_289' title='bbox 1127 3994 1139 4039; x_wconf 93' lang='grc'>1</span> <span class='ocrx_word' id='word_1_290' title='bbox 1161 3998 1337 4055; x_wconf 79' lang='lat' dir='ltr'><strong>postea</strong></span> <span class='ocrx_word' id='word_1_291' title='bbox 1362 3989 1477 4048; x_wconf 83' lang='lat' dir='ltr'><strong>del.)</strong></span> <span class='ocrx_word' id='word_1_292' title='bbox 1501 3993 1578 4040; x_wconf 86' lang='lat' dir='ltr'><strong>SA</strong></span> <span class='ocrx_word' id='word_1_293' title='bbox 1713 3991 1892 4038; x_wconf 84' lang='lat' dir='ltr'><strong>colore</strong></span> <span class='ocrx_word' id='word_1_294' title='bbox 1916 3988 2000 4045; x_wconf 79' lang='lat' dir='ltr'><strong>(o&#39;r</strong></span> <span class='ocrx_word' id='word_1_295' title='bbox 2026 3992 2080 4037; x_wconf 81' lang='lat' dir='ltr'><strong>in</strong></span> <span class='ocrx_word' id='word_1_296' title='bbox 2107 4005 2165 4037; x_wconf 84' lang='lat' dir='ltr'><strong>er</strong></span> <span class='ocrx_word' id='word_1_297' title='bbox 2192 4006 2323 4037; x_wconf 76' lang='lat' dir='ltr'><strong>corr.</strong></span> <span class='ocrx_word' id='word_1_298' title='bbox 2352 4006 2423 4037; x_wconf 87' lang='lat' dir='ltr'><strong>m.</strong></span> <span class='ocrx_word' id='word_1_299' title='bbox 2451 3988 2561 4046; x_wconf 84' lang='lat' dir='ltr'><strong>alt.)</strong></span> <span class='ocrx_word' id='word_1_300' title='bbox 2584 3993 2617 4037; x_wconf 85' lang='lat' dir='ltr'>S</span> 
     </span>
    </p>

    <p class='ocr_par' dir='ltr' id='par_1_5' title="bbox 311 4077 2618 4507">
     <span class='ocr_line' id='line_1_35' title="bbox 486 4077 2615 4142; baseline -0.004 -10"><span class='ocrx_word' id='word_1_301' title='bbox 486 4097 570 4132; x_wconf 87' lang='lat'><strong>20</strong></span> <span class='ocrx_word' id='word_1_302' title='bbox 611 4083 933 4131; x_wconf 74' lang='lat' dir='ltr'><strong>immutarem</strong></span> <span class='ocrx_word' id='word_1_303' title='bbox 972 4084 1052 4131; x_wconf 80' lang='lat' dir='ltr'><strong>SR</strong></span> <span class='ocrx_word' id='word_1_304' title='bbox 1196 4081 1302 4142; x_wconf 54' lang='lat' dir='ltr'><strong>qvo</strong></span> <span class='ocrx_word' id='word_1_305' title='bbox 1340 4083 1412 4130; x_wconf 90' lang='lat' dir='ltr'><strong>SA</strong></span> <span class='ocrx_word' id='word_1_306' title='bbox 1453 4096 1610 4141; x_wconf 88' lang='lat' dir='ltr'><strong>quom</strong></span> <span class='ocrx_word' id='word_1_307' title='bbox 1651 4081 1732 4126; x_wconf 81' lang='lat' dir='ltr'><strong>uel</strong></span> <span class='ocrx_word' id='word_1_308' title='bbox 1765 4096 1879 4127; x_wconf 88' lang='lat' dir='ltr'><strong>cum</strong></span> <span class='ocrx_word' id='word_1_309' title='bbox 1919 4081 1965 4127; x_wconf 88' lang='grc' dir='ltr'><strong>Β</strong></span> <span class='ocrx_word' id='word_1_310' title='bbox 2112 4091 2177 4139; x_wconf 88' lang='lat'><strong>23</strong></span> <span class='ocrx_word' id='word_1_311' title='bbox 2217 4080 2300 4126; x_wconf 83' lang='lat' dir='ltr'><strong>uel</strong></span> <span class='ocrx_word' id='word_1_312' title='bbox 2339 4081 2382 4126; x_wconf 79' lang='grc' dir='ltr'><strong>Β</strong></span> <span class='ocrx_word' id='word_1_313' title='bbox 2420 4086 2477 4126; x_wconf 86' lang='lat' dir='ltr'><strong>ut</strong></span> <span class='ocrx_word' id='word_1_314' title='bbox 2508 4077 2615 4126; x_wconf 76' lang='lat' dir='ltr'><strong>SAb</strong></span> 
     </span>
     <span class='ocr_line' id='line_1_36' title="bbox 320 4166 2617 4233; baseline -0.003 -10"><span class='ocrx_word' id='word_1_315' title='bbox 320 4177 485 4224; x_wconf 84' lang='lat' dir='ltr'><strong>uelut</strong></span> <span class='ocrx_word' id='word_1_316' title='bbox 529 4166 705 4231; x_wconf 67' lang='lat' dir='ltr'><strong>od²qa</strong></span> <span class='ocrx_word' id='word_1_317' title='bbox 848 4171 1181 4231; x_wconf 76' lang='lat' dir='ltr'><strong>quotidianus</strong></span> <span class='ocrx_word' id='word_1_318' title='bbox 1218 4172 1263 4219; x_wconf 98' lang='grc' dir='ltr'><strong>Β</strong></span> <span class='ocrx_word' id='word_1_319' title='bbox 1293 4171 1520 4233; x_wconf 71' lang='lat' dir='ltr'><strong>plerique</strong></span> <span class='ocrx_word' id='word_1_320' title='bbox 1666 4183 1731 4228; x_wconf 79' lang='lat'><strong>24</strong></span> <span class='ocrx_word' id='word_1_321' title='bbox 1769 4169 2068 4229; x_wconf 86' lang='lat' dir='ltr'><strong>contingant</strong></span> <span class='ocrx_word' id='word_1_322' title='bbox 2092 4169 2126 4216; x_wconf 92' lang='lat' dir='ltr'>S</span> <span class='ocrx_word' id='word_1_323' title='bbox 2272 4178 2335 4229; x_wconf 84' lang='lat'><strong>25</strong></span> <span class='ocrx_word' id='word_1_324' title='bbox 2366 4176 2617 4217; x_wconf 70' lang='lat' dir='ltr'><strong>transma-</strong></span> 
     </span>
     <span class='ocr_line' id='line_1_37' title="bbox 316 4252 2618 4320; baseline -0.004 -6"><span class='ocrx_word' id='word_1_325' title='bbox 316 4262 523 4314; x_wconf 74' lang='lat' dir='ltr'><strong>rinar‘t&#39;i</strong></span> <span class='ocrx_word' id='word_1_326' title='bbox 574 4268 875 4308; x_wconf 83' lang='lat' dir='ltr'><strong>mercantur</strong></span> <span class='ocrx_word' id='word_1_327' title='bbox 899 4263 933 4308; x_wconf 94' lang='lat' dir='ltr'>S</span> <span class='ocrx_word' id='word_1_328' title='bbox 1080 4261 1144 4308; x_wconf 85' lang='lat'><strong>26</strong></span> <span class='ocrx_word' id='word_1_329' title='bbox 1184 4258 1361 4320; x_wconf 55' lang='lat' dir='ltr'><strong>quonff</strong></span> <span class='ocrx_word' id='word_1_330' title='bbox 1383 4261 1418 4305; x_wconf 84' lang='lat' dir='ltr'>S</span> <span class='ocrx_word' id='word_1_331' title='bbox 1454 4258 1559 4318; x_wconf 59' lang='lat' dir='ltr'><strong>qu&amp;</strong></span> <span class='ocrx_word' id='word_1_332' title='bbox 1599 4258 1666 4305; x_wconf 55' lang='lat' dir='ltr'><strong>na</strong></span> <span class='ocrx_word' id='word_1_333' title='bbox 1688 4259 1727 4305; x_wconf 92' lang='lat' dir='ltr'>A</span> <span class='ocrx_word' id='word_1_334' title='bbox 1876 4257 1943 4306; x_wconf 82' lang='lat'><strong>28</strong></span> <span class='ocrx_word' id='word_1_335' title='bbox 1984 4257 2214 4318; x_wconf 74' lang='lat' dir='ltr'><strong>corrupti</strong></span> <span class='ocrx_word' id='word_1_336' title='bbox 2254 4252 2477 4318; x_wconf 65' lang='lat' dir='ltr'><strong>d’piiafi’</strong></span> <span class='ocrx_word' id='word_1_337' title='bbox 2504 4273 2618 4304; x_wconf 87' lang='lat' dir='ltr'><strong>eor-</strong></span> 
     </span>
     <span class='ocr_line' id='line_1_38' title="bbox 317 4343 2618 4416; baseline -0.004 -14"><span class='ocrx_word' id='word_1_338' title='bbox 317 4354 511 4416; x_wconf 72' lang='lat' dir='ltr'><strong>ruptis</strong></span> <span class='ocrx_word' id='word_1_339' title='bbox 541 4351 677 4397; x_wconf 72' lang='lat' dir='ltr'><strong>SAR</strong></span> <span class='ocrx_word' id='word_1_340' title='bbox 821 4349 1191 4416; x_wconf 76' lang='lat' dir='ltr'><strong>commiserunt</strong></span> <span class='ocrx_word' id='word_1_341' title='bbox 1216 4349 1296 4396; x_wconf 75' lang='lat' dir='ltr'><strong>SR</strong></span> <span class='ocrx_word' id='word_1_342' title='bbox 1332 4348 1735 4395; x_wconf 80' lang='lat' dir='ltr'><strong>commisserunt</strong></span> <span class='ocrx_word' id='word_1_343' title='bbox 1761 4349 1795 4395; x_wconf 91' lang='lat' dir='ltr'>A</span> <span class='ocrx_word' id='word_1_344' title='bbox 1947 4348 2341 4408; x_wconf 82' lang='lat' dir='ltr'><strong>exspectatione</strong></span> <span class='ocrx_word' id='word_1_345' title='bbox 2375 4343 2424 4406; x_wconf 78' lang='lat' dir='ltr'><strong>(a</strong></span> <span class='ocrx_word' id='word_1_346' title='bbox 2443 4352 2618 4409; x_wconf 80' lang='lat' dir='ltr'><strong>postea</strong></span> 
     </span>
     <span class='ocr_line' id='line_1_39' title="bbox 311 4436 1865 4507; baseline -0.005 -17"><span class='ocrx_word' id='word_1_347' title='bbox 311 4446 464 4507; x_wconf 74' lang='lat' dir='ltr'><strong>exp.)</strong></span> <span class='ocrx_word' id='word_1_348' title='bbox 517 4444 563 4489; x_wconf 71' lang='lat' dir='ltr'>A</span> <span class='ocrx_word' id='word_1_349' title='bbox 611 4438 974 4499; x_wconf 78' lang='lat' dir='ltr'><strong>expectatione</strong></span> <span class='ocrx_word' id='word_1_350' title='bbox 1011 4440 1090 4486; x_wconf 80' lang='lat' dir='ltr'><strong>SR</strong></span> <span class='ocrx_word' id='word_1_351' title='bbox 1236 4452 1305 4496; x_wconf 76' lang='lat'><strong>29</strong></span> <span class='ocrx_word' id='word_1_352' title='bbox 1344 4436 1562 4484; x_wconf 84' lang='lat' dir='ltr'><strong>culturis</strong></span> <span class='ocrx_word' id='word_1_353' title='bbox 1601 4442 1644 4485; x_wconf 78' lang='lat' dir='ltr'>R</span> <span class='ocrx_word' id='word_1_354' title='bbox 1669 4437 1865 4501; x_wconf 76' lang='lat' dir='ltr'><strong>aliquot</strong></span> 
     </span>
    </p>
   </div>
   <div class='ocr_carea' id='block_1_4' title="bbox 256 5056 2814 5536">
    <p class='ocr_par' dir='ltr' id='par_1_6' title="bbox 256 5056 2814 5536">
     <span class='ocr_line' id='line_1_40' title="bbox 256 5056 2814 5536; baseline 0 23"><span class='ocrx_word' id='word_1_355' title='bbox 256 5056 2814 5536; x_wconf 95' lang='lat' dir='ltr'><strong> </strong></span> 
     </span>
    </p>
   </div>
  </div>
 </body>
</html>
