3109 5559
1492 247 1591 288 REI
1641 246 1945 288 RvsTchE
1993 247 2106 288 LIB.
2161 246 2220 288 XI

746 425 946 485 quae
994 406 1161 466 uites
1206 404 1574 466 diffusionis
1622 425 1817 466 causa
1868 404 2302 484 deponendae

744 513 1044 574 nomina
1099 524 1164 573 et
1212 511 1559 593 qualitates
1610 513 1821 572 minus
1869 524 1978 572 aut
2029 511 2238 590 magis
2286 530 2527 590 genero

744 619 1310 699 disputationem,
1377 639 1505 699 qua
1553 616 1901 698 conligitur
1949 617 2102 679 nihil
2153 617 2364 697 magis
2413 627 2529 678 rust

993 745 1188 806 quam
1237 726 1464 787 uineas
1511 724 1728 787 colere

674 866 713 911 5
744 843 1092 915 quantum
1142 833 1381 894 debeat
1430 831 1719 913 agricola
1766 851 1850 892 ex
1900 832 2223 912 disposito
2273 829 2530 892 malleol

744 950 1093 1020 quantum
1143 941 1204 1000 in
1252 937 1508 1019 singula
1557 940 1779 1018 iugera
1829 937 2041 1000 facere
2088 939 2219 1000 uini

742 1058 938 1128 quot
987 1048 1207 1127 iugera
1257 1046 1497 1108 debeat
1543 1066 1710 1107 unus
1755 1047 1994 1108 uinitor
2039 1045 2255 1107 colere

742 1174 909 1235 quo
957 1153 1158 1214 modo
1206 1154 1497 1214 amineas
1544 1154 1712 1215 uites
1762 1152 2008 1215 feraces
2059 1153 2257 1215 facias

740 1280 945 1344 quae
1015 1261 1418 1341 spectandae
1488 1261 1617 1322 sint
1686 1259 2032 1340 qualitates
2100 1261 2159 1322 in
2229 1281 2310 1322 eo
2376 1259 2540 1334 solo,

642 1402 714 1434 ιο
989 1368 1421 1430 destinaueris

739 1497 906 1559 quo
956 1476 1155 1536 modo
1203 1485 1374 1538 terra
1422 1477 1783 1557 pastinetur

742 1596 934 1666 quot
984 1584 1197 1645 modis
1242 1584 1392 1645 uitis
1442 1594 1723 1664 ponatur
1769 1594 1878 1646 aut
1926 1586 1990 1646 in
2041 1585 2393 1665 prouinciis
2441 1595 2543 1646 aut

742 1690 1107 1753 meliorem
1174 1710 1320 1752 esse
1387 1692 1716 1771 pastinato
1777 1691 1920 1753 solo
1983 1693 2373 1772 positionem
2436 1711 2545 1772 qur

993 1796 1178 1859 factis
1225 1797 1569 1859 scrobibus
1616 1809 1726 1860 aut
1773 1797 1968 1860 sulcis

652 1937 719 1982 15
744 1924 942 1987 quae
991 1925 1291 1966 mensura
1340 1906 1712 1985 pastinandi
1760 1904 1881 1967 soli
1930 1907 2134 1968 uineis
2183 1905 2441 1968 abunde
2489 1907 2542 1968 si

745 2031 968 2094 quem
1018 2011 1102 2071 ad
1153 2013 1418 2073 modum
1468 2023 1533 2074 et
1582 2012 1817 2093 quibus
1866 2013 2269 2093 temporibus
2317 2034 2549 2075 conset

746 2138 940 2200 quae
989 2118 1339 2180 obseruare
1387 2119 1628 2181 debeat
1676 2121 1784 2200 qui
1835 2121 2033 2182 uitem
2082 2121 2364 2182 conserit

746 2237 1000 2288 contra
1061 2225 1199 2287 Iulii
1260 2224 1467 2287 Attici
1530 2227 1944 2306 positionem,
2007 2247 2176 2308 quae
2224 2237 2553 2289 contortut

988 2333 1172 2412 ponit

650 2471 723 2502 20
746 2460 967 2522 quam
1017 2438 1252 2521 longus
1299 2460 1444 2502 esse
1492 2440 1734 2503 debeat
1784 2441 2119 2506 malleolus

747 2558 929 2629 quot
979 2565 1219 2626 genera
1265 2547 1490 2609 uitium
1543 2549 1851 2628 ponenda
1898 2551 2026 2613 sint

744 2667 977 2719 utrum
1040 2655 1363 2717 distinctis
1420 2655 1647 2716 uitium
1696 2657 2044 2736 generibus
2092 2658 2258 2719 horti
2310 2678 2559 2719 consere

987 2762 1446 2824 consemineae
1494 2764 1726 2824 uineae
1776 2761 2118 2825 faciundae

752 2959 1037 3022 LIBER
1087 2959 1529 3040 QVARTVS
1582 2960 1731 3021 REI
1781 2959 2238 3023 RVSTICAE
2289 2961 2559 3024 SVRCX

661 3094 728 3137 25
752 3066 1281 3130 SECVNDVS:

751 3202 993 3254 contra
1042 3192 1419 3271 opinionem
1470 3192 1677 3254 Attici
1725 3204 1791 3254 et
1839 3192 2010 3255 Celsi
2061 3214 2189 3255 non
2246 3214 2391 3256 esse
2439 3195 2559 3256 sati

983 3297 1100 3360 bes
1147 3297 1555 3379 bipedaneos
1603 3300 1943 3362 uineaticis
1989 3302 2347 3363 seminibus

754 3425 891 3466 non
953 3416 1259 3487 oportere
1315 3407 1504 3468 unius
1550 3407 1920 3468 uiuiradicis
1969 3410 2254 3469 materiis
2304 3410 2469 3470 duos
2519 3430 2559 3489 p

978 3724 1007 3753 2
1060 3708 1218 3766 magis
1265 3708 1516 3769 gerosarfl
1566 3709 1648 3760 (ne
1696 3719 1805 3773 sup.
1857 3728 1914 3758 er
1951 3728 2042 3757 scr.
2086 3705 2183 3768 m‘·')
2219 3714 2251 3760 S
2309 3714 2466 3772 magis
2517 3729 2558 3758 r(

759 3812 788 3855 3
831 3797 1090 3859 colligitur
1128 3799 1248 3845 SAR
1394 3816 1421 3857 4
1465 3799 1657 3846 conen-e
1695 3803 1734 3848 A
1882 3803 1912 3847 8
1950 3800 2179 3848 {minens
2219 3804 2257 3849 A
2295 3801 2522 3848 {minens
2555 3823 2559 3848 ι

904 3902 937 3945 9
976 3887 1027 3934 in
1069 3902 1132 3932 co
1172 3887 1289 3933 loco
1328 3889 1371 3935 R
1534 3905 1589 3933 12
1629 3889 1835 3950 puincis
1875 3891 1908 3936 S
2061 3906 2115 3949 ¹4
2167 3890 2297 3938 fictis
2339 3894 2376 3940 A
2417 3892 2559 3938 siccis

760 3977 983 4023 serenda
1032 3976 1098 4023 sit
1145 3976 1260 4023 uitis
1300 3980 1341 4024 R
1400 3979 1722 4024 conserenda
1770 3977 1898 4040 sits!v
1926 3981 1958 4026 S
2015 3981 2366 4027 conserendas
2416 3981 2523 4027 istis

763 4065 967 4112 serendi
1007 4069 1050 4113 R
1088 4067 1440 4112 conserendae
1479 4068 1553 4115 SA
1720 4083 1786 4127 23
1827 4068 2061 4131 faciunde
2100 4070 2132 4114 S
2172 4070 2434 4117 faciendae
2475 4072 2512 4118 A
2553 4077 2559 4116 i

764 4155 827 4199 28
869 4155 1177 4201 uiuiradices
1217 4156 1295 4213 Αμ
1440 4157 1666 4202 materis
1706 4158 1739 4203 S

867 4250 1138 4294 Columella.
1182 4251 1279 4294 vn.
