3109 5559
1451 81 1572 148 Rei
1602 82 1880 149 rusticae
1908 81 2023 149 lib.
2059 83 2166 148 111
2197 104 2254 149 c.
2288 83 2413 170 8—9
2544 101 2624 170 35

166 283 298 328 non
335 275 561 327 tamen
599 259 694 326 sic
726 259 1134 326 Aminneum
1172 260 1390 327 sterile
1430 258 1810 339 reddiderit,
1853 274 1929 325 ut
1967 282 2047 326 ex
2085 260 2313 326 multis
2350 260 2624 328 milibus

165 367 302 434 eius
345 390 432 434 ne
477 366 908 453 paucissimae
954 366 1228 453 quidem
1270 366 1441 432 uitoe
1485 366 1827 446 fecundae,
1874 381 2216 453 tamquam
2260 366 2330 432 in
2378 367 2625 434 Italicis

72 504 128 540 ιο
165 473 547 540 hominibus
570 473 867 540 Albanae
897 473 1043 540 illae
1074 495 1349 552 sorores,
1384 472 1655 559 reperiri
1685 473 1983 560 possint?

70 1037 122 1087 1⁵

62 2105 120 2152 25

62 2635 123 2683 30

59 3166 117 3214 35

247 603 287 647 2
334 581 419 648 Id
447 595 670 647 autem
698 601 854 646 cum
883 579 969 645 sit
997 579 1372 659 uerisimile,
1403 593 1552 646 tum
1581 579 1779 646 etiam
1808 602 2045 646 uerum
2073 603 2215 647 esse
2245 603 2367 647 nos
2398 581 2625 648 docuit

165 688 710 774 experimentum,
744 708 898 752 cum
927 700 994 752 et
1023 686 1093 752 in
1117 685 1477 753 Ardeatino
1507 708 1684 773 agro,
1720 707 1922 773 quem
1952 687 2178 753 multis
2207 687 2625 774 temporibus

168 795 290 881 ipsi
320 793 760 882 possedimus,
793 807 860 859 et
889 793 959 859 in
985 793 1381 860 Carseolano
1411 793 1705 879 itemque
1729 793 1991 860 Albano
2021 793 2277 880 generis
2303 794 2619 860 Aminnei

163 901 318 968 uitis
366 915 623 967 notatas
670 899 1115 978 habuerimus,
1168 922 1445 966 numero
1494 899 1767 986 quidem
1816 922 2196 986 perpaucas,
2247 923 2484 966 uerum
2532 901 2624 967 ita

163 1008 430 1086 fertiles,
479 1022 554 1073 ut
599 1007 669 1073 in
715 1006 869 1092 iugo
915 1006 1208 1092 singulae
1253 1021 1470 1072 ternas
1515 1028 1715 1072 urnas
1761 1005 2167 1093 praeberent,
2217 1007 2288 1074 in
2332 1008 2623 1094 pergulis

164 1128 386 1181 autem
423 1114 716 1200 singulae
758 1113 959 1179 denas
996 1113 1346 1199 amphoras
1385 1127 1878 1200 peraequarent.
1963 1134 2012 1195 3
2056 1135 2179 1179 nec
2217 1114 2622 1182 incredibilis

163 1221 362 1288 debet
413 1221 483 1287 in
528 1219 874 1286 Aminneis
924 1219 1088 1286 haec
1136 1219 1348 1287 uideri
1399 1219 1790 1299 fecunditas3
1845 1241 2000 1285 nam
2052 1219 2620 1307 quemadmodum

161 1329 369 1395 Varro
394 1326 751 1394 Terentius
773 1341 840 1393 et
862 1341 1013 1393 ante
1037 1349 1193 1392 eum
1218 1326 1491 1392 Marcus
1512 1327 1680 1393 Cato
1705 1341 1928 1414 posset
1952 1326 2297 1393 adfirmare
2321 1349 2620 1394 sescenas

161 1457 359 1502 urnas
395 1434 627 1521 priscis
662 1433 1025 1500 cultoribus
1060 1433 1316 1520 singula
1351 1433 1698 1500 uinearum
1732 1434 1956 1520 iugera
1989 1433 2260 1514 fudisse,
2298 1434 2355 1500 si
2389 1435 2620 1502 fecun-

167 1543 335 1609 ditas
369 1541 717 1607 Aminneis
756 1540 1091 1620 defuisset,
1135 1562 1299 1627 quas
1337 1541 1731 1627 plerumque
1771 1541 1941 1606 solas
1980 1541 2235 1627 antiqui
2274 1556 2619 1620 nouerant,

161 1649 288 1715 nisi
308 1648 366 1714 si
385 1662 699 1735 putamus
718 1669 813 1726 ea,
838 1669 1007 1734 quae
1027 1670 1241 1734 nuper
1260 1668 1335 1712 ac
1356 1647 1560 1714 modo
1580 1647 1765 1734 palae
1785 1669 1822 1712 e
1843 1647 2222 1734 longinquis
2243 1647 2622 1734 regionibus

161 1754 470 1822 accersita
511 1754 778 1820 notitiae
818 1767 1077 1820 nostrae
1116 1768 1273 1820 sunt
1311 1753 1570 1833 tradita,
1611 1753 1884 1820 Biturici
1923 1754 2178 1840 generis
2219 1769 2332 1820 aut
2371 1754 2618 1835 balisci,

159 1862 384 1928 uineta
410 1883 524 1927 eos
552 1860 850 1941 coluisse,
881 1882 1037 1926 cum
1064 1859 1542 1927 uetustissimas
1572 1882 1868 1947 quasque
1895 1861 2123 1927 uineas
2151 1860 2368 1927 adhuc
2395 1862 2617 1927 existi-

159 1991 420 2035 memus
443 1967 846 2034 Aminneas?

248 2096 294 2158 4
333 2074 404 2141 Si
457 2074 607 2161 quis
655 2096 812 2161 ergo
860 2074 1027 2154 talis,
1082 2074 1294 2160 qualis
1343 2075 1541 2161 paulo
1594 2089 1744 2141 ante
1794 2074 2162 2161 possedisse
2213 2098 2321 2141 me
2372 2075 2618 2155 rettuli,

154 2183 516 2249 Aminneas
553 2181 856 2268 pluribus
892 2181 1248 2247 uindemiis
1285 2181 1652 2268 exploratas
1691 2195 1893 2260 notet,
1935 2195 2010 2247 ut
2048 2204 2128 2248 ex
2165 2181 2245 2247 iis
2283 2182 2621 2248 malleolos

158 2289 595 2355 feracissimos
620 2287 834 2374 eligat,
862 2288 1070 2375 possit
1095 2288 1337 2374 pariter
1360 2310 1706 2374 generosas
1729 2288 1957 2354 uineas
1981 2302 2047 2354 et
2072 2288 2310 2354 uberes
2335 2287 2616 2355 efficere.

156 2394 323 2461 nihil
356 2395 536 2461 enim
564 2394 845 2461 dubium
870 2408 989 2474 est,
1019 2394 1182 2481 quin
1208 2395 1350 2481 ipsa
1374 2408 1607 2460 natura
1631 2394 1934 2461 subolem
1959 2395 2151 2461 matri
2176 2394 2459 2461 similem
2478 2416 2620 2462 esse

157 2501 463 2581 uoluerit,
495 2501 675 2568 unde
705 2501 904 2567 etiam
934 2514 1157 2587 pastor
1187 2501 1295 2566 ille
1325 2501 1395 2566 in
1423 2500 1748 2567 Bucolicis
1779 2501 1888 2567 ait:

333 2608 448 2674 sic
488 2607 817 2674 canibus
858 2608 1164 2673 catulos
1204 2606 1526 2687 similes,
1571 2608 1685 2673 sic
1723 2607 2111 2674 matribus
2150 2607 2464 2675 haedos.

240 2733 290 2796 5
333 2713 534 2780 Unde
566 2735 903 2780 sacrorum
934 2714 1370 2780 certaminum
1401 2714 1681 2780 studiosi
1714 2714 2317 2800 pernicissimarum
2349 2713 2618 2800 quadri-

156 2842 390 2906 garum
419 2820 670 2886 semina
700 2819 997 2906 diligenti
1026 2819 1485 2887 obseruatione
1515 2820 1899 2886 custodiunt
1929 2835 1994 2887 et
2024 2842 2214 2907 spem
2244 2819 2620 2887 futurarum

159 2926 587 2992 uictoriarum
643 2926 1027 3013 concipiunt
1082 2940 1438 3013 propagata
1493 2926 1725 2993 subole
1781 2927 2079 3012 generosi
2136 2926 2434 2993 armenti.
2495 2948 2619 2993 nos

161 3055 429 3119 quoque
462 3033 602 3119 pari
635 3033 905 3111 ratione,
937 3032 1123 3098 uelut
1155 3031 1771 3119 Olympionicarum
1801 3055 2142 3119 equarum,
2177 3033 2267 3098 ita
2296 3032 2618 3098 feracissi-

160 3161 420 3205 marum
483 3139 962 3205 Aminnearum
1021 3138 1384 3204 seminibus
1444 3138 1667 3205 electis
1726 3139 1937 3224 largae
1996 3138 2369 3206 uindemiae
2429 3161 2619 3225 spem

160 3385 329 3421 neum
361 3367 519 3434 hpyc
549 3367 943 3420 Amininaeum
972 3366 1005 3420 f
1029 3368 1459 3420 Amminnaeum
1493 3382 1531 3420 ο
1567 3394 1604 3403 -
1638 3368 1884 3421 millibus
1917 3368 1956 3420 S
1989 3396 2028 3405 -
2062 3384 2096 3431 9
2123 3378 2244 3433 post
2270 3369 2471 3422 Italicis
2493 3369 2616 3421 aad.

160 3457 291 3510 locis
330 3458 386 3510 A
419 3484 459 3494 -
499 3473 564 3510 10
602 3457 850 3509 Aluanae
889 3456 1003 3510 SA¹
1038 3484 1077 3493 —
1111 3457 1377 3521 repperiri
1416 3455 1663 3522 Ahjmtp
1699 3484 1737 3493 —
1773 3469 1995 3522 possent
2035 3457 2126 3509 SA
2160 3485 2197 3494 -
2238 3474 2295 3509 11
2344 3458 2417 3509 ita
2456 3458 2549 3510 SA
2583 3485 2620 3494 -

159 3547 267 3599 sint
295 3547 425 3612 sap
460 3573 499 3582 -
534 3546 865 3598 suarisimile
895 3545 986 3599 SA
1019 3572 1059 3582 -
1099 3562 1161 3599 12
1191 3545 1500 3599 Ardentino
1530 3546 1645 3598 SA¹
1679 3573 1718 3583 -
1759 3563 1820 3611 13
1852 3556 1976 3598 ante
2004 3547 2222 3599 Albano
2250 3547 2374 3599 add.
2406 3547 2468 3599 in
2496 3548 2549 3598 R
2582 3574 2621 3583 -

159 3636 463 3689 Aminneae
487 3634 511 3699 j
544 3635 838 3687 Ammenei
868 3650 908 3699 y
938 3635 1259 3688 Arnminnei
1290 3650 1329 3689 ο
1358 3635 1642 3688 Amminei
1674 3651 1710 3701 9
1744 3661 1783 3672 -
1823 3652 1889 3699 14
1919 3637 2119 3688 notatis
2150 3636 2203 3687 A
2233 3647 2390 3688 notas
2414 3634 2438 3702 1
2475 3662 2512 3671 —
2555 3652 2614 3700 15

159 3724 335 3778 simile
384 3725 478 3777 SA
512 3751 551 3760 -
592 3736 655 3788 17
702 3725 1049 3776 Amminneis
1096 3724 1141 3776 h
1186 3725 1495 3777 Ammineis
1540 3723 1681 3789 syc·
1714 3751 1754 3761 -
1794 3725 1857 3777 18
1905 3742 2155 3778 sescenas
2197 3725 2314 3777 Ash
2361 3742 2616 3777 sexcenas

160 3813 372 3879 mh'co
395 3824 646 3866 smenas
663 3812 687 3880 1
714 3824 966 3878 septenas
989 3812 1294 3878 sAh¹brpy
1327 3840 1367 3850 -
1406 3830 1470 3877 19
1495 3814 1540 3864 si
1568 3831 1666 3865 om.
1693 3815 1746 3865 R
1779 3840 1818 3850 -
1853 3830 1924 3867 2ο
1948 3814 2304 3877 Am(m)ineis
2329 3827 2440 3878 pyc
2475 3840 2513 3850 -
2548 3830 2616 3867 22

159 3902 337 3957 Vituri
372 3903 466 3955 SA
499 3929 538 3938 -
572 3912 670 3954 aut
701 3903 754 3953 R
786 3920 855 3955 au
890 3902 981 3954 SA
1014 3930 1053 3940 -
1087 3903 1269 3954 balisti
1302 3918 1342 3967 y
1374 3903 1612 3955 basilisci
1647 3902 1733 3954 λή
1769 3930 1808 3939 -
1843 3919 1909 3967 23
1947 3903 2399 3955 uetustatissimas
2433 3902 2547 3954 SA¹
2582 3930 2621 3939 -

160 4008 409 4058 quasque
438 3992 629 4044 uineas
659 3989 764 4057 hio
794 3991 1160 4057 qussquineas
1190 3991 1325 4044 sn
1358 4018 1398 4028 -
1432 4008 1497 4056 25
1533 3992 1710 4055 qualis
1741 4009 1838 4043 om.
1873 3992 1964 4044 SA
1997 4019 2036 4028 —
2071 3993 2229 4044 retuli
2263 4006 2443 4058 mpyc
2477 4018 2515 4028 -
2551 3992 2619 4044 26

157 4081 477 4135 Ammine„
520 4081 679 4145 Aryc
713 4107 753 4117 -
785 4081 872 4133 his
915 4081 1019 4133 AR
1053 4107 1091 4116 —
1127 4080 1392 4133 malleolis
1435 4081 1498 4133 S¹
1531 4107 1571 4117 —
1608 4095 1676 4144 27
1720 4082 1894 4145 possit
1936 4080 2027 4133 SA
2068 4092 2256 4145 posset
2299 4081 2345 4133 is
2387 4081 2440 4131 R
2474 4108 2513 4117 -
2549 4080 2616 4133 28

158 4171 405 4223 sobolem
445 4169 685 4235 S’ibpcfl
717 4196 757 4205 —
792 4186 861 4233 ²9
902 4170 1173 4222 Bucolicis
1214 4168 1423 4234 mfyc·
1463 4169 1731 4222 Bocolicis
1772 4169 1863 4222 SA
1903 4170 2189 4223 Bucolocis
2229 4169 2274 4221 h
2314 4169 2616 4222 Buccolicis

153 4256 254 4325 jbp
288 4287 328 4296 —
365 4275 434 4323 30
463 4259 543 4311 sic
571 4258 663 4311 SR
690 4258 736 4310 si
764 4259 817 4310 A
851 4285 889 4295 -
925 4275 987 4323 31
1024 4259 1486 4323 quadrigenarum
1514 4259 1607 4311 SA
1633 4260 1860 4323 spatium
1888 4260 2024 4311 inter
2052 4277 2123 4311 ns
2150 4268 2202 4310 et
2231 4276 2357 4311 rum
2385 4259 2438 4310 A
2471 4285 2510 4295 -
2547 4274 2611 4323 33

161 4348 516 4401 uictoriarum
542 4365 641 4400 om.
671 4347 763 4400 SA
795 4375 834 4385 -
869 4348 1059 4400 sobole
1086 4346 1330 4413 S’ibrieo
1357 4348 1553 4400 subule
1580 4346 1613 4400 f
1640 4374 1678 4384 -
1712 4348 1888 4412 gerosi
1915 4349 1968 4400 A
2002 4375 2040 4384 -
2076 4364 2145 4412 34
2172 4347 2616 4411 olympioniqua·

162 4454 285 4490 mm
321 4439 373 4490 A
406 4465 443 4474 -
481 4453 545 4502 35
585 4436 933 4490 minutarum
969 4437 1044 4490 A¹
1081 4436 1541 4502 Am(m)inearum
1582 4435 1762 4502 hfpyc
1795 4464 1835 4473 —
1872 4449 1938 4502 3?
1976 4436 2250 4502 quidquid
2287 4434 2438 4486 S¹hb
2473 4463 2511 4472 -
2550 4452 2616 4498 39
