3109 5559
743 182 858 236 104
1323 184 1376 226 L.
1427 183 1552 225 tvm
1601 183 1923 226 MODERATl
1972 184 2383 227 COLVMELLAE

732 340 854 402 bus
900 342 1151 420 spicam
1202 344 1416 422 ipsam
1463 340 1711 423 legunt,
1762 343 1959 423 idque
2006 344 2068 404 in
2121 363 2264 405 rara
2310 356 2540 424 segete
2576 343 2953 416 facillimum,

733 449 795 508 in
845 449 1052 511 densa
1100 448 1550 511 difficillimum
1601 462 1721 512 est.

302 573 409 628 Quo
453 575 605 620 nodo
910 554 1108 636 Quod
1170 556 1225 617 si
1278 555 1552 618 falcibus
1600 577 1796 637 seges
1843 577 1990 619 cum
2042 570 2228 638 parte
2277 556 2470 619 culmi
2520 558 2822 621 demessa
2863 559 2956 627 sit,

301 647 602 762 :gat-rae
731 663 1031 742 protinus
1100 664 1162 724 in
1237 684 1541 725 aceruum
1599 664 1703 726 uel
1751 665 1814 725 in
1864 664 2120 727 nubilar
2164 666 2540 746 congeritur
2586 677 2653 729 et
2699 665 2961 727 subinde

299 787 532 834 demut
666 771 1167 851 4opportunius
1212 771 1464 833 solibus
1511 772 1864 835 torrefacta
1914 773 2280 853 proteritur.
2347 774 2446 835 sin
2497 784 2718 836 autem
2749 774 3000 856 spicae5

730 888 980 940 tantum
1017 879 1219 940 modo
1269 880 1515 942 recisae
1560 890 1732 953 sunt,
1787 891 2066 960 possunt
2114 881 2177 941 in
2228 880 2534 942 horreum
2585 880 2859 943 conferri
2901 894 2959 940 et

726 985 966 1048 deinde
1014 1006 1132 1067 per
1178 986 1461 1047 hiemem
1510 985 1612 1048 uel
1660 985 1912 1049 baculis
1943 987 2168 1049 excuti
2202 986 2305 1049 uel
2338 988 2550 1049 exteri
2585 987 2956 1068 pecudibus.

726 1105 794 1153 at
839 1093 892 1154 si
943 1093 1260 1173 conpetit,
1313 1105 1382 1154 ut
1430 1093 1493 1154 in
1542 1114 1696 1155 area
1744 1105 1991 1156 teratur
2038 1093 2457 1170 frumentum,
2509 1092 2668 1157 nihil
2701 1094 2956 1156 dubium

724 1210 845 1272 est,
915 1200 1073 1280 quin
1144 1200 1331 1281 equis
1379 1199 1611 1263 melius
1667 1221 1863 1282 quam
1913 1201 2132 1263 bubus
2179 1221 2259 1263 ea
2306 1221 2410 1263 res
2457 1201 2838 1265 conficiatur
2880 1214 2957 1273 et,

724 1307 778 1367 si
828 1328 1037 1387 pauca
1083 1308 1237 1388 iuga
1269 1319 1440 1382 sunt,
1475 1308 1738 1370 adicere
1770 1308 2076 1370 tribulam
2109 1320 2175 1371 et
2209 1309 2503 1371 traheam
2533 1310 2768 1390 possis,
2802 1328 2958 1390 quae
2984 1341 3035 1375 ιο

725 1435 828 1476 res
875 1427 1150 1495 utraque
1198 1414 1452 1476 culmos
1485 1414 1788 1478 facillime
1821 1416 2202 1478 conminuit.
2277 1417 2462 1496 ipsae
2495 1427 2714 1479 autem
2748 1416 2960 1497 spicae

665 1521 952 1594 §melius
1025 1521 1301 1584 fustibus
1369 1523 1731 1584 tunduntur
1802 1523 2169 1604 uannisque
2224 1536 2696 1604 expurgantur,
2748 1534 2813 1585 at
2858 1522 2957 1584 ubi

722 1627 928 1709 paleis
997 1630 1273 1693 inmixta
1343 1641 1497 1691 sunt
1545 1630 1891 1705 frumenta,
1942 1641 2142 1692 uento
2191 1641 2596 1710 separantur.
2693 1632 2778 1693 ad
2824 1649 2958 1691 eam

721 1757 855 1799 rem
899 1737 1232 1800 Fauonius
1266 1737 1545 1799 habetur
1577 1738 1875 1812 eximiu8‚
1911 1737 2020 1818 qui
2055 1736 2217 1799 leuis
2248 1737 2671 1818 aequalisque
2704 1736 2960 1801 aestiuis

720 1844 1054 1907 mensibus
1102 1844 1367 1924 perflat;
1416 1864 1612 1925 quem
1672 1856 1892 1907 tamen
1943 1845 2230 1925 opperiri
2279 1843 2434 1907 lenti
2476 1856 2581 1908 est
2612 1844 2955 1927 agricolae,
2982 1874 3031 1924 15

718 1952 870 2031 quia
938 1971 1160 2030 saepe,
1233 1952 1388 2013 dum
1459 1962 1872 2033 expectatur,
1920 1972 2121 2014 saeua
2170 1972 2293 2014 nos
2341 1952 2552 2014 hiems
2598 1951 2954 2034 deprendit.

719 2060 938 2138 itaque
1007 2059 1071 2119 in
1145 2078 1297 2120 area
1366 2058 1607 2120 detrita
1679 2057 1999 2121 frumenta
2068 2059 2163 2121 sic
2232 2069 2387 2121 sunt
2445 2060 2847 2141 aggeranda,
2895 2070 2960 2119 ut

717 2165 896 2226 omni
945 2165 1100 2227 flatu
1149 2166 1405 2246 possint
1453 2167 1743 2228 excerni.
1809 2178 1877 2229 at
1922 2168 1977 2229 si
2025 2166 2453 2248 conpluribus
2499 2167 2736 2229 diebus
2784 2164 2958 2228 undi-

716 2293 845 2353 que
892 2271 1112 2334 silebit
1154 2293 1326 2347 aura,
1363 2273 1597 2335 uannis
1628 2285 2099 2354 expurgentur,
2134 2295 2216 2336 ne
2251 2286 2404 2354 post
2439 2275 2708 2335 nimiam
2742 2284 2958 2363 uento·

718 2399 858 2440 rum
928 2380 1277 2459 segnitiem
1348 2392 1536 2442 uasta
1597 2392 1960 2461 tempestas
2006 2382 2268 2443 inritum
2318 2380 2514 2443 saciat
2561 2381 2768 2444 totius
2813 2379 2955 2442 anni
2980 2410 3037 2444 κο

653 2486 1029 2549 6laborem.
1125 2507 1287 2567 pura
1336 2487 1577 2549 deinde
1637 2486 1976 2561 frumenta,
2028 2489 2079 2550 si
2132 2488 2194 2549 in
2244 2508 2455 2550 annos
2504 2489 2956 2557 reconduntur,

903 2735 918 2768 1
975 2722 1178 2783 alegunt
1217 2721 1289 2767 SA
1476 2722 1584 2783 idq:
1625 2721 1747 2767 aklt
1802 2722 1976 2784 ideoq:
2016 2722 2136 2768 SAR
2174 2722 2299 2783 itaq;
2341 2727 2374 2773 Ι)
2523 2735 2551 2769 2
2593 2723 2723 2770 inest
2762 2722 2836 2768 SA

894 2808 1284 2873 Quemadmodh
1340 2822 1568 2871 arcaturss
1624 2810 1731 2859 fieri
1779 2808 1965 2858 debeat
2001 2812 2135 2857 rubr.
2176 2824 2209 2868 q
2249 2809 2419 2872 Quoffi
2458 2820 2686 2859 arcature
2727 2811 2840 2860 fieri
2879 2811 2955 2858 de·

717 2901 834 2948 bent
871 2904 926 2947 in
967 2916 1127 2961 marg.
1166 2898 1201 2945 11
1238 2897 1356 2962 Quo
1393 2908 1589 2947 aratur-e
1629 2899 1735 2947 fieri
1776 2900 1963 2948 debent
2000 2901 2137 2947 rubr.
2171 2911 2203 2946 e
2346 2913 2376 2962 3
2406 2915 2547 2959 seces
2574 2900 2608 2945 S
2754 2900 2955 2948 dimissa

714 2989 828 3037 Aen
881 2991 1100 3037 demissa
1154 3000 1182 3034 ο
1236 2989 1456 3037 dimessa
1510 3002 1547 3035 n
1730 3002 1756 3053 5
1797 2991 2128 3052 opportunius
2165 3001 2193 3035 ο
2238 2991 2535 3052 oportunius
2573 2993 2614 3036 Β
2662 2989 2957 3053 opportunis

713 3081 747 3125 8
783 3080 1044 3141 oportunis
1082 3080 1151 3126 At
1189 3089 1466 3142 oportunus
1505 3079 1541 3126 Ι
1728 3079 1976 3127 solidibus
2013 3080 2086 3126 SA
2250 3080 2391 3142 spica
2427 3080 2472 3127 ἃ
2508 3079 2582 3127 SA
2752 3079 2785 3128 8
2822 3079 2884 3127 ad
2924 3078 2957 3123 A

713 3167 766 3222 (d
802 3170 857 3215 in
898 3178 914 3214 t
943 3174 1112 3229 postca
1151 3165 1294 3221 mut.)
1330 3168 1363 3214 S
1400 3184 1459 3216 ac
1497 3170 1540 3215 Β
1774 3169 2013 3231 competit
2050 3180 2101 3215 ut
2138 3170 2181 3215 Β
2218 3169 2517 3231 competitur
2552 3169 2586 3215 8
2624 3165 2882 3232 copes-itur
2918 3166 2953 3219 (t

714 3274 752 3303 s.
793 3273 816 3304 ι·
854 3273 917 3303 m.
958 3254 1069 3311 rec.)
1107 3257 1143 3303 A
1299 3271 1361 3305 10
1397 3258 1619 3305 adiicere
1657 3261 1698 3304 Β
1735 3259 1929 3320 aliquot
2102 3258 2336 3305 tribulam
2376 3257 2420 3304 Β
2458 3257 2700 3305 tribulare
2741 3258 2816 3304 SA

714 3347 936 3393 traheam
974 3349 1150 3407 scripsi
1182 3344 1395 3401 (traham
1433 3354 1551 3394 uett.
1591 3344 1739 3401 cmm:
1782 3347 1979 3394 trahere
2019 3348 2137 3394 SAR
2299 3344 2401 3409 qu&
2438 3362 2518 3394 res
2558 3355 2745 3410 utrasq.
2786 3346 2821 3392 S

721 3449 772 3482 11
819 3436 1114 3483 comminuit
1151 3436 1271 3482 SAR
1422 3448 1481 3483 12
1521 3437 1772 3484 cuduntur
1810 3435 1924 3483 §Aa
2093 3447 2176 3483 aut
2213 3436 2286 3482 SA
2441 3449 2498 3497 13
2528 3436 2755 3484 immixta
2783 3439 2826 3484 Β

712 3527 962 3573 frumento
1000 3534 1148 3573 uenta
1187 3536 1339 3573 uento
1375 3526 1447 3571 SA
1598 3534 1892 3589 seper-antur
1928 3528 1969 3571 Β
1998 3527 2223 3588 plerique
2396 3538 2455 3585 14
2494 3525 2748 3588 equalisffi
2791 3525 2960 3587 §riuis

710 3615 777 3660 do
812 3615 1036 3676 aequalis
1074 3616 1348 3677 quaestiuis
1384 3616 1418 3660 S
1454 3611 1501 3670 (e
1540 3632 1577 3661 s.
1620 3631 1712 3662 uae
1750 3616 1907 3661 (ιώ-[ν.
1948 3630 2012 3661 m.
2052 3612 2166 3669 rec.)
2202 3614 2241 3660 A
2279 3615 2540 3677 equalisue
2580 3616 2761 3664 estiuis
2783 3618 2826 3663 Β

719 3715 776 3766 15
817 3705 1038 3767 opperiri
1076 3705 1139 3749 88
1173 3705 1360 3767 operiri
1399 3705 1442 3750 Β
1480 3705 1621 3767 operi
1664 3704 1700 3749 A
1855 3706 1916 3751 16
1955 3720 2105 3766 saepe
2132 3720 2226 3751 om.
2255 3705 2298 3750 Β
2443 3714 2705 3767 expetatur
2743 3706 2821 3753 SA

715 3809 865 3840 saeua
902 3793 975 3840 SA
1013 3810 1132 3841 seua
1171 3795 1255 3842 uel
1288 3807 1406 3855 seua
1445 3794 1487 3839 Β
1524 3809 1701 3841 seuera
1739 3794 1771 3838 b
1811 3809 1963 3841 scena
1998 3805 2025 3839 s
2063 3794 2232 3856 sepius
2270 3793 2381 3852 ιιι)
2531 3794 2715 3841 hiemis
2742 3796 2819 3842 SA

723 3895 780 3943 17
820 3884 1074 3945 egeranda
1109 3884 1195 3930 uel
1215 3884 1468 3945 agei-enda
1495 3885 1538 3930 Β
1563 3884 1755 3945 aliquot
1908 3882 1968 3930 18
2007 3884 2069 3929 ad
2108 3883 2147 3929 A
2184 3880 2236 3937 (d
2275 3898 2401 3930 eras.
2442 3893 2487 3930 ct
2523 3893 2539 3930 t
2576 3899 2669 3930 scr.
2700 3900 2766 3931 m.
2795 3881 2906 3938 alt.)
2930 3884 2962 3925 S

856 3972 1201 4034 compluribus
1235 3973 1356 4019 SAR
1500 3972 1715 4034 diebusq
1754 3970 1803 4034 (q
1836 3979 2006 4034 postea
2044 3968 2174 4033 exp.)
2199 3973 2237 4019 A
2427 3985 2486 4031 19
2515 3972 2713 4029 manib:
2742 3974 2819 4021 SA

712 4063 907 4124 possint
946 4062 982 4107 A
1132 4075 1199 4109 20
1238 4063 1428 4109 irritum
1470 4062 1512 4107 Β
1658 4062 1754 4109 iaci
1792 4062 1855 4109 ad
1894 4062 1933 4108 A
2080 4062 2246 4124 potius
2271 4062 2343 4108 SA
2496 4074 2552 4109 21
2583 4061 2960 4125 sichlerique

856 4152 1196 4198 recunduntur
1230 4150 1328 4212 (pr.
1371 4167 1400 4197 u
1431 4157 1602 4211 pastea
1639 4154 1694 4197 in
1734 4168 1766 4196 o
1804 4148 1948 4205 mut.)
1985 4152 2020 4196 S
