3109 5559
112 1018 152 1067 1

103 1993 166 2028 10

107 2524 166 2572 15

304 1025 350 1067 t
394 1002 735 1068 Prioribus
759 1003 964 1084 libris,
993 1026 1163 1091 quos
1189 1004 1272 1070 ad
1297 1018 1362 1071 te
1389 1004 1472 1070 de
1497 1005 1977 1072 constituendis
2001 1005 2428 1092 colendisque
2453 1007 2688 1088 uineis,

207 1110 507 1189 Siluine,
543 1109 951 1197 scripseram,
988 1109 1308 1176 nonnulla
1340 1111 1628 1178 defuisse
1663 1112 1904 1192 dixisti,
1941 1135 2110 1199 quae
2144 1113 2498 1199 agrestium
2530 1136 2691 1201 ope-

209 1240 378 1283 rum
412 1215 693 1282 studiosi
730 1216 1195 1297 desiderarent;
1231 1239 1447 1304 neque
1481 1241 1604 1305 ego
1637 1217 1886 1285 infitior
1917 1219 2136 1305 aliqua
2167 1241 2274 1285 me
2308 1221 2691 1306 praeterisse

208 1323 539 1410 quamuis
574 1323 1018 1409 inquirentem
1054 1323 1302 1403 sedule,
1341 1346 1510 1410 quae
1546 1326 1754 1392 nostri
1791 1324 2031 1391 saeculi
2067 1324 2352 1393 cultores
2387 1348 2690 1413 quaeque

211 1443 489 1495 ueteroe
513 1429 875 1496 litterarum
900 1431 1350 1496 monumentis
1374 1431 1829 1518 prodiderunt.
1858 1431 1975 1497 sed
2000 1453 2155 1498 cum
2179 1454 2330 1498 sum
2355 1432 2692 1519 professus

209 1535 510 1602 rusticae
538 1536 631 1601 rei
661 1551 1026 1624 praecepta,
1059 1537 1187 1603 nisi
1215 1536 1424 1618 fallor,
1458 1538 2017 1618 adseueraueram,
2051 1561 2220 1625 quae
2250 1539 2519 1605 uastitas
2547 1540 2691 1606 eius

211 1642 539 1709 scientiae
585 1643 968 1722 contineret,
1019 1666 1153 1709 non
1199 1658 1436 1710 cuncta
1482 1666 1589 1710 me
1637 1645 1971 1711 dicturum
2016 1644 2134 1710 sed
2180 1643 2484 1732 plurima;
2533 1668 2690 1712 nam

210 1749 392 1815 illud
436 1749 507 1814 in
545 1748 744 1815 unius
784 1748 1072 1816 hominis
1112 1750 1532 1837 prudentiam
1574 1750 1805 1817 cadere
1847 1773 1981 1817 non
2022 1764 2295 1838 poterat.
2387 1772 2428 1818 2
2472 1774 2689 1838 neque

208 1856 404 1923 enim
450 1869 550 1922 est
593 1855 728 1921 ulla
772 1855 1134 1942 disciplina,
1184 1878 1319 1922 non
1364 1878 1486 1936 ars,
1534 1879 1704 1943 quae
1749 1856 2060 1944 singulari
2104 1872 2560 1924 consummata
2605 1859 2690 1925 sit

210 1963 512 2048 ingenio.
550 1976 971 2050 quapropter,
1007 1977 1082 2030 ut
1115 1963 1185 2029 in
1218 1985 1454 2049 magna
1486 1962 1654 2029 silua
1684 1963 1845 2030 boni
1877 1965 2208 2031 uenatoris
2240 1977 2338 2030 est
2372 1964 2688 2051 indagan-

208 2085 359 2135 tem
385 2068 559 2135 feras
584 2091 787 2155 quam
812 2068 1129 2155 plurimas
1155 2092 1386 2157 capere
1413 2092 1534 2136 nec
1560 2071 1873 2156 cuiquam
1898 2071 2129 2158 culpae
2155 2070 2283 2138 fuit
2308 2093 2444 2137 non
2470 2072 2689 2137 omnis

212 2176 498 2262 cepisse,
535 2176 625 2241 ita
657 2175 851 2242 nobis
885 2175 1148 2242 abunde
1181 2190 1281 2243 est
1313 2191 1449 2243 tam
1484 2176 1760 2242 diffusae
1793 2178 2119 2257 materiae,
2156 2199 2359 2264 quam
2393 2179 2685 2265 suscepi-

213 2304 394 2362 mus,
452 2282 806 2348 maximam
856 2297 1110 2370 partem
1160 2282 1525 2363 tradidisse,
1580 2284 1830 2371 quippe
1880 2304 2035 2350 cum
2084 2306 2162 2350 ea
2209 2283 2393 2350 uelut
2443 2285 2686 2350 omissa

214 2389 701 2468 desiderentur,
744 2411 912 2476 quae
954 2411 1088 2455 non
1128 2403 1283 2456 sunt
1324 2390 1589 2477 propria
1630 2404 1888 2456 nostrae
1927 2389 2373 2477 professionis;
2415 2405 2491 2458 ut
2530 2413 2685 2476 pro-

213 2497 420 2574 xime,
483 2517 638 2561 cum
697 2495 779 2561 de
836 2496 1315 2562 conmetiendis
1373 2497 1542 2582 agris
1601 2497 1921 2562 rationem
1980 2497 2252 2563 Marcus
2310 2496 2686 2563 Trebellius

215 2615 450 2668 noster
479 2602 837 2688 requireret
864 2625 903 2668 a
929 2625 1055 2682 me,
1087 2603 1385 2669 uicinum
1413 2618 1611 2689 atque
1640 2602 1804 2669 adeo
1831 2603 2262 2669 coniunctum
2289 2625 2431 2669 esse
2458 2626 2684 2670 cense-

215 2708 335 2774 bat
384 2707 884 2788 demonstranti,
935 2709 1501 2796 quemadmodum
1549 2731 1781 2796 agrum
1829 2709 2256 2795 pastinemus,
2307 2710 2683 2796 praecipere

215 2816 423 2881 etiam
466 2816 866 2902 pastinatum
908 2815 1476 2902 quemadmodum
1517 2816 1736 2882 metiri
1779 2815 2156 2882 debeamus.
2240 2836 2289 2898 3
2333 2816 2516 2903 quod
2558 2838 2681 2903 ego

215 2945 358 2988 non
393 2921 710 3007 agricolae
743 2921 861 2987 sed
894 2921 1216 2987 mensoris
1248 2920 1546 2987 officium
1579 2944 1721 2988 esse
1755 2921 2076 3001 dicebam,
2113 2944 2268 2988 cum
2300 2923 2684 3009 praesertim

217 3051 304 3094 ne
340 3027 679 3094 architecti
715 3027 1008 3114 quidem,
1048 3028 1295 3114 quibus
1331 3050 1594 3094 necesse
1629 3043 1729 3096 est
1764 3051 2222 3094 mensurarum
2259 3051 2450 3095 nosse
2487 3029 2683 3095 ratio-

216 3157 398 3214 nem,
438 3134 792 3220 dignentur
824 3149 1436 3202 consummatorum
1469 3134 1939 3215 aedificiorum,
1976 3158 2145 3222 quae
2179 3135 2304 3221 ipsi
2339 3136 2682 3223 disposue-

217 3255 397 3319 runt,
435 3241 712 3307 modum
743 3239 1300 3328 conprehendere,
1336 3241 1454 3308 sed
1486 3241 1666 3307 aliud
1697 3242 2073 3309 existiment
2103 3241 2495 3329 professioni
2528 3264 2683 3308 suae

295 3521 349 3559 1:
375 3505 550 3569 34-58
574 3505 754 3558 Grom.
780 3518 848 3569 94
869 3523 994 3571 sqq..
1017 3518 1141 3569 339,
1164 3506 1288 3570 367,
1311 3519 1446 3569 37r,·
1467 3506 1655 3558 Boeth.
1673 3524 1837 3571 geom.
1862 3519 1966 3569 401
1988 3523 2123 3571 sqq.;
2140 3506 2268 3559 Isid.
2292 3508 2419 3572 orig.
2445 3518 2604 3569 15,r5
2639 3534 2677 3545 -

220 3596 401 3659 34-36
437 3595 607 3646 Varro
631 3595 755 3659 ling.
784 3606 938 3657 5,34,·
972 3595 1142 3647 Varro
1169 3606 1295 3648 rust.
1326 3608 1503 3658 r‚10‚2
1540 3621 1579 3632 -
1615 3595 1790 3659 37-38
1824 3596 1994 3647 Varro
2019 3595 2142 3660 ling.
2171 3606 2325 3658 5,35;
2357 3597 2528 3648 Varro
2555 3608 2681 3649 rust.

220 3696 403 3746 1,10,2
440 3710 479 3720 -
515 3683 692 3748 38-40
737 3685 908 3736 Varro
946 3684 1068 3748 ling.
1110 3695 1234 3748 5,39
1272 3712 1310 3720 -
1343 3701 1411 3748 43
1460 3685 1631 3736 Varro
1671 3695 1795 3737 rust.
1839 3697 2016 3747 I,10,2
2053 3711 2091 3720 -
2125 3685 2301 3749 48-52
2348 3685 2519 3736 Varro
2556 3685 2680 3751 ling.

220 3782 378 3835 5,3,5;
411 3773 581 3824 Varro
608 3783 734 3826 rust.
766 3786 944 3836 1,10,2
981 3799 1019 3810 -
1052 3774 1229 3837 48-49
1264 3774 1434 3825 Varro
1463 3784 1589 3826 rust.
1622 3775 1800 3836 1,18,5
1836 3801 1874 3809 -
1910 3773 2084 3838 57-58
2118 3774 2289 3826 Varro
2315 3784 2441 3826 rust.
2473 3787 2680 3838 1,10,2,·

220 3862 407 3913 Heron
422 3879 586 3926 geom.
611 3874 699 3925 4,7

292 4089 344 4127 1:
392 4091 413 4126 1
459 4087 512 4127 at
551 4075 591 4128 S
626 4101 664 4112 -
699 4075 769 4127 de
808 4093 907 4128 om.
935 4075 987 4127 A
1021 4102 1060 4112 -
1095 4092 1127 4129 2
1153 4076 1366 4141 scripus
1390 4092 1569 4128 seram
1593 4075 1656 4128 8ι
1680 4076 1896 4128 aeribus
1920 4092 2040 4128 sera
2064 4075 2116 4127 A
2152 4103 2190 4112 -
2225 4075 2547 4128 nonnullam
2571 4076 2611 4129 S
2645 4103 2683 4114 -

223 4177 253 4225 3
282 4164 469 4216 studio
496 4164 589 4217 SA
622 4190 661 4200 -
695 4180 731 4227 4
759 4164 1144 4228 inquerentem
1170 4165 1210 4218 S
1243 4191 1282 4201 -
1319 4181 1348 4229 5
1379 4182 1506 4217 sum
1533 4165 1815 4230 professus
1843 4180 1879 4216 e
1908 4182 2130 4217 summo
2158 4165 2330 4218 festus
2358 4164 2450 4217 SA
2475 4165 2583 4217 sim
2611 4165 2681 4229 (si

221 4248 253 4302 ἰ
270 4268 372 4304 om.
400 4252 490 4317 12¹)
518 4253 799 4318 professus
826 4254 879 4305 R
914 4280 953 4290 -
987 4254 1021 4304 6
1043 4263 1165 4318 post
1192 4254 1350 4306 fallor
1376 4255 1499 4306 add.
1531 4271 1646 4307 non
1672 4255 1725 4306 R
1758 4280 1797 4290 -
1831 4254 2016 4306 unitas
2044 4254 2137 4306 SA
2169 4280 2208 4290 -
2243 4268 2275 4317 7
2306 4271 2419 4306 non
2447 4270 2544 4306 om.
2569 4255 2622 4306 R
2643 4281 2683 4292 -

223 4351 386 4392 cunta
411 4341 450 4394 S
485 4368 523 4379 -
559 4342 592 4394 8
621 4342 1027 4406 prouidentiam
1053 4341 1423 4407 hym-’nye-
1457 4370 1496 4380 -
1531 4359 1565 4406 9
1593 4360 1652 4394 ar
1679 4342 1741 4395 8¹
1775 4369 1814 4379 -
1849 4342 2112 4407 singulari
2140 4344 2263 4409 ὃγρ
2291 4341 2561 4395 consulari
2588 4343 2681 4395 SA

224 4428 419 4492 singuli
446 4430 709 4495 singulari
734 4431 787 4482 R
819 4457 858 4467 -
886 4447 948 4484 12
977 4431 1196 4484 abunde
1224 4431 1315 4484 SA
1341 4432 1470 4484 satis
1497 4432 1829 4495 abundeque
1853 4433 1906 4484 R
1927 4458 1966 4468 -
1999 4448 2059 4495 13
2090 4448 2152 4483 ea
2170 4430 2233 4496 ic
2258 4448 2381 4484 mea
2405 4429 2681 4497 SAbrpy·

224 4515 280 4568 in
304 4534 366 4568 ea
390 4518 501 4571 hm
534 4546 573 4556 -
616 4535 676 4583 ις
705 4521 1142 4572 conmentiendis
1167 4520 1302 4573 SA).
1334 4547 1374 4557 -
1415 4521 1477 4572 16
1503 4532 1721 4573 nostrae
1744 4520 1799 4573 A
1830 4546 1868 4557 -
1905 4537 1935 4571 a
1960 4536 2051 4572 me
2078 4521 2377 4583 requireret
2401 4519 2487 4571 ho
2519 4546 2558 4556 -
2590 4538 2676 4573 re-

225 4606 400 4668 quiret
425 4608 477 4660 A
510 4635 549 4645 -
590 4622 653 4672 17
681 4609 1079 4673 pastinaremus
1106 4610 1159 4662 R
1193 4636 1232 4646 -
1272 4625 1335 4672 19
1363 4610 1635 4662 mensuris
1662 4609 1737 4661 A¹
1772 4635 1810 4646 -
1845 4625 1908 4662 21
1944 4625 2116 4674 quem
2141 4610 2194 4661 R
2228 4634 2266 4645 -
2301 4609 2673 4672 disposuerint
