3109 5559
1138 335 1235 376 RE!
1286 334 1595 377 RVSTICAE
1643 333 1755 377 LlB.
1807 334 1823 374 1
1863 338 1906 370 e.
1946 324 1979 370 6
2587 330 2666 393 33

431 513 777 568 terrenum,
852 495 1032 574 prius
1103 514 1297 574 quam
1348 505 1826 566 consternatur,
1878 492 2244 572 perfossum
2294 504 2359 552 et
2409 511 2677 572 amurga

432 604 669 665 recenti
746 622 880 663 non
954 600 1129 663 salsa
1201 599 1642 662 madefactum
1691 598 1870 661 uelut
1920 598 2265 679 Signinum
2313 618 2484 679 opus
2532 599 2680 678 pilis

432 711 894 771 condensatur.
991 721 1127 769 tum
1187 707 1427 769 deinde
1474 726 1624 767 cum
1675 707 1947 778 exaruit,
1998 705 2190 768 simili
2239 707 2442 768 modo
2499 708 2679 788 paui·
2710 725 2783 788 13

430 829 643 879 menta
694 816 992 887 testacia,
1042 835 1213 896 quae
1262 834 1382 895 pro
1425 833 1596 895 aqua
1631 814 1997 893 receperint
2031 833 2368 893 amurgam
2403 814 2677 876 mixtam

386 924 579 1002 5calci
658 935 726 985 et
799 922 1103 997 harenae,
1174 931 1751 1003 supersternuntur
1821 931 1887 982 et
1956 940 2197 1001 magna
2245 921 2306 981 ui
2359 922 2679 1001 paniculis

429 1032 838 1093 inculcantur
907 1040 1105 1110 atque
1172 1028 1613 1109 expoliuntur,
1664 1048 2025 1108 omnesque
2073 1030 2394 1109 parietum
2443 1040 2510 1089 et
2557 1030 2677 1091 soli

427 1140 764 1201 iuncturae
812 1138 1122 1199 testaceis
1170 1135 1454 1217 puluinis
1502 1134 1876 1207 fibulantur,
1914 1137 2225 1216 quoniam
2261 1134 2395 1197 sere
2427 1155 2577 1198 cum
2611 1138 2675 1198 in

428 1246 522 1307 his
568 1244 877 1326 partibus
925 1243 1223 1306 aedificia
1272 1245 1468 1305 rimas
1516 1253 1812 1322 egerunt,
1863 1262 2026 1304 caua
2074 1244 2394 1321 praebent
2427 1254 2494 1305 et
2527 1242 2680 1306 late-

428 1353 572 1414 bras
647 1351 1096 1414 subterraneis
1152 1350 1559 1413 animalibus.
1656 1351 1774 1412 sed
1824 1361 1891 1410 et
1938 1348 2187 1412 lacibus
2235 1350 2682 1430 distinguntur

358 1492 410 1525 ιο
428 1460 749 1539 granaria,
803 1473 871 1519 ut
904 1459 1259 1538 separatim
1290 1476 1594 1538 quaeque
1627 1455 1959 1537 legumina
1984 1470 2333 1537 ponantur.
2399 1459 2682 1538 parietes
2714 1477 2789 1537 14

426 1566 806 1629 oblinuntur
875 1585 1147 1646 amurga
1216 1565 1496 1626 subacto
1544 1562 1701 1639 lut0‚
1752 1565 1906 1645 quoi
1960 1584 2078 1644 pro
2130 1564 2336 1645 paleis
2383 1565 2679 1628 admixta

426 1687 570 1735 sunt
644 1673 829 1734 arida
901 1671 1163 1733 oleastri
1213 1671 1336 1745 uel,
1387 1673 1441 1732 si
1490 1691 1569 1732 ea
1618 1691 1751 1733 non
1800 1684 1968 1743 sunt,
2018 1671 2205 1733 oleae
2255 1672 2428 1735 solia.
2524 1674 2675 1735 dein

425 1801 569 1843 cum
621 1781 1039 1861 praedictum
1088 1780 1431 1841 tectorium
1480 1780 1738 1853 inaruit,
1790 1799 2009 1841 rursus
2056 1799 2327 1860 amurga
2361 1782 2678 1860 respergi-

430 1900 548 1961 tur,
599 1907 735 1969 qua
780 1888 1031 1948 siccata
1080 1886 1474 1948 frumentum
1524 1886 1812 1948 infertur.
1908 1907 1985 1948 ea
2037 1906 2139 1947 res
2187 1887 2272 1948 ab
2314 1887 2515 1949 noxia
2548 1906 2682 1948 cur·
2712 1902 2783 1966 15

352 1994 765 2073 15culionum
813 2005 879 2055 et
920 1992 1226 2055 similium
1258 1992 1635 2055 animalium
1668 1994 2206 2055 commodissime
2240 1995 2500 2056 uidetur
2529 2013 2680 2055 con·

424 2104 598 2164 ditas
653 2101 872 2181 fruges
921 2099 1297 2175 defendere,
1361 2120 1533 2181 quae
1582 2102 1704 2162 nisi
1747 2100 2095 2182 diligenter
2157 2101 2485 2183 repositae
2527 2103 2677 2175 sint,

424 2210 728 2271 celeriter
797 2208 884 2271 ab
954 2209 1034 2269 iis
1089 2218 1581 2270 consumuntur.
1676 2208 1794 2269 sed
1845 2209 1911 2270 id
1960 2228 2169 2288 genus
2215 2209 2448 2279 horrei,
2497 2210 2678 2288 quod

425 2317 836 2397 scripsimus,
893 2316 1016 2377 nisi
1064 2316 1242 2378 sicca
1291 2316 1620 2396 positione
1666 2314 1859 2377 uillae
1906 2317 2208 2396 quamuis
2255 2336 2528 2396 granum
2581 2336 2679 2377 ro-

423 2424 882 2486 bustissimum
947 2423 1306 2502 corrumpit
1374 2423 1530 2496 situ;
1603 2423 1711 2503 qui
1790 2424 1844 2483 si
1916 2422 2130 2484 nullus
2200 2423 2393 2497 adsit,
2464 2424 2678 2503 possis

342 2533 627 2596 20etiam
686 2529 954 2592 defossa
1005 2528 1326 2591 frumenta
1373 2547 1658 2603 seruare,
1708 2530 1876 2591 sicut
1922 2531 2371 2592 transmarinis
2417 2530 2679 2610 quibus·

422 2640 581 2699 dam
618 2637 997 2718 prouinciiS,
1034 2637 1146 2698 ubi
1182 2649 1525 2718 puteorum
1560 2639 1626 2698 in
1660 2639 1951 2709 modum,
1979 2656 2148 2717 quos
2175 2635 2462 2716 apellant
2488 2638 2675 2709 sirm,

421 2746 759 2807 exhausta
792 2744 1028 2806 humus
1059 2744 1276 2806 editos
1310 2765 1349 2807 a
1373 2765 1444 2806 se
1473 2744 1716 2806 fructus
1743 2745 1990 2823 recipit.
2056 2744 2172 2805 sed
2200 2763 2321 2804 nos
2345 2744 2408 2804 in
2437 2745 2679 2805 nostris
2712 2745 2788 2804 16

421 2852 835 2932 regionibu5‚
884 2870 1054 2931 quae
1102 2851 1471 2913 redundant
1518 2850 1785 2932 uligine,
1831 2852 2042 2931 magis
2075 2850 2247 2912 illam
2285 2852 2677 2930 positionem

420 2958 705 3039 pensilis
778 2957 989 3019 horrei
1061 2969 1127 3020 et
1183 2959 1353 3019 hanc
1401 2978 1621 3020 curam
1673 2958 2196 3038 pauimentorum
2246 2970 2311 3018 et
2362 2959 2678 3036 parietum

337 3096 395 3145 25
420 3066 815 3146 probamuS,
888 3067 1221 3146 quoniam,
1286 3078 1355 3126 ut
1412 3064 1649 3139 rettuli,
1701 3066 1795 3126 sic
1842 3065 2132 3126 emunita
2179 3064 2318 3126 sola
2366 3075 2431 3125 et
2481 3063 2679 3127 latera

420 3175 815 3234 horreorum
869 3173 1218 3253 prohibent
1268 3171 1730 3234 curculionem.
1826 3171 2006 3253 quod
2056 3192 2267 3253 genus
2316 3173 2498 3234 exitii
2533 3192 2678 3233 cum

619 3331 640 3363 ι
685 3331 900 3378 amur-ga
938 3317 991 3362 in
1030 3331 1132 3363 ras.
1159 3332 1252 3363 scr.
1279 3322 1325 3361 et
1348 3333 1380 3377 g
1407 3318 1460 3363 in
1488 3332 1513 3363 c
1535 3322 1712 3378 postea
1732 3322 1859 3363 mut.
1888 3318 1922 3364 8
2071 3332 2102 3363 ο
2131 3332 2265 3377 opus
2292 3318 2345 3363 in
2373 3332 2475 3364 ras.
2505 3318 2539 3364 S

418 3426 447 3463 ⁴
494 3406 723 3453 testacia
774 3406 813 3452 A
861 3406 896 3463 (i
944 3407 998 3452 in
1036 3420 1066 3453 e
1115 3404 1262 3463 mut.)
1300 3407 1334 3453 S
1372 3406 1588 3454 testacia
1627 3405 1709 3452 uel
1742 3405 1949 3454 testatio,
1987 3409 2030 3453 Β
2175 3420 2437 3467 amurgam
2477 3404 2523 3461 (c
2568 3422 2609 3452 s.
2648 3422 2682 3467 g

416 3502 603 3557 postea
635 3492 758 3550 scr.)
792 3496 826 3542 S
922 3495 1082 3543 mixta
1107 3497 1159 3542 in
1173 3495 1288 3555 fine
1313 3510 1489 3543 uersus
1513 3497 1547 3542 S
1683 3510 1713 3555 5
1740 3510 1899 3543 arene
1924 3495 2006 3542 uel
2027 3509 2183 3558 arene
2208 3499 2251 3544 Β
2323 3495 2611 3556 panniculis
2637 3499 2682 3543 Β

419 3585 641 3646 aliquot
788 3599 815 3644 7
857 3591 1119 3632 testaceus
1153 3581 1206 3643 (n
1248 3586 1301 3631 in
1327 3584 1342 3631 i
1371 3584 1519 3640 mut.)
1559 3586 1598 3632 A
1709 3583 1815 3644 quo
1840 3585 1914 3632 SA
1942 3599 2057 3631 cum
2084 3584 2130 3633 Β
2223 3585 2270 3631 in
2293 3600 2396 3632 om.
2417 3585 2462 3632 Β
2490 3585 2684 3649 aliquot

612 3684 643 3731 9
684 3673 1067 3735 distinguuntur
1095 3678 1137 3722 Β
1156 3674 1350 3734 aliquot
1463 3688 1526 3721 10
1566 3674 1808 3735 ligumina
1833 3675 1877 3720 Β
1897 3674 2119 3735 plerique
2259 3688 2278 3719 1
2294 3688 2314 3720 1
2351 3689 2562 3721 amurca
2587 3676 2621 3722 S

416 3763 553 3822 quoi
596 3757 729 3811 81:1¹
768 3778 874 3821 quo
913 3776 950 3810 ι
983 3763 1069 3822 qui
1094 3757 1292 3822 od'lnq
1318 3776 1419 3825 quc
1446 3758 1501 3810 Ι)ι
1527 3763 1608 3809 cui
1636 3757 1967 3822 b²gkpstiiss
1992 3778 2062 3810 m.
2097 3764 2184 3809 alt.
2211 3764 2265 3809 in
2292 3765 2325 3810 S
2477 3778 2535 3810 12
2564 3763 2682 3810 dein

417 3855 501 3900 SA
542 3852 738 3899 deinde
776 3855 821 3899 Β
974 3867 1035 3913 ¹3
1074 3867 1286 3914 amurga
1323 3851 1369 3907 (c
1408 3868 1448 3898 s.
1475 3867 1508 3913 g
1528 3857 1702 3915 postea
1727 3847 1843 3912 scr.)
1869 3852 1903 3899 8
2057 3867 2116 3910 ¹4
2146 3853 2211 3899 ab
2239 3852 2392 3900 noxia
2420 3853 2566 3900 sua
2590 3854 2682 3900 ob-

418 3943 595 3991 noxia
629 3944 766 3990 abso
803 3958 834 3989 a
872 3944 1026 3990 noxia
1063 3956 1097 4003 p
1132 3945 1341 3991 obnoxa
1367 3945 1403 3991 k
1430 3951 1482 3991 (ι
1504 3940 1781 4005 suprascr.)
1809 3945 1825 3990 l
1852 3957 1881 3989 a
1909 3958 2046 3990 noxa
2071 3944 2238 4002 ogqtii
2393 3946 2454 3990 16
2480 3950 2600 3991 sunt
2628 3944 2680 4001 (u

417 4048 533 4078 ras,
566 4032 623 4077 in
650 4032 666 4077 i
692 4032 841 4087 corr.)
868 4033 907 4079 A
1087 4047 1146 4092 17
1185 4033 1255 4080 ab
1278 4033 1359 4079 his
1384 4036 1427 4081 Β
1445 4033 1670 4094 plerique
1821 4046 1884 4092 19
1919 4032 2097 4092 possis
2124 4029 2488 4079 Schneider-us:
2513 4033 2682 4093 potnit

416 4124 553 4171 ΕΔΒ
741 4136 803 4168 21
833 4120 1059 4182 poteorfi
1084 4120 1178 4183 (pr.
1208 4137 1239 4169 o
1268 4123 1320 4169 in
1348 4138 1380 4169 u
1400 4126 1574 4185 postea
1601 4122 1749 4178 matt.)
1774 4124 1807 4169 S
1916 4123 2081 4170 cirros
2108 4124 2190 4169 uel
2211 4137 2366 4185 syros
2383 4126 2425 4170 Β
2537 4138 2600 4181 24
2630 4132 2683 4170 et

415 4214 565 4259 hanc
609 4205 740 4258 8Δ11ι
781 4212 875 4258 ted
915 4213 1045 4258 hanc
1084 4225 1119 4259 a
1158 4212 1251 4259 sed
1291 4223 1343 4258 et
1379 4212 1478 4264 (uel
1513 4212 1688 4268 etiam)
1726 4216 1856 4259 banc
1897 4215 1939 4259 Β
2093 4226 2160 4271 25
2187 4211 2292 4272 qi'io
2320 4212 2392 4260 SA
2424 4227 2576 4271 quom
2605 4213 2685 4258 uel

418 4316 547 4349 cum
582 4304 627 4348 Β
774 4301 922 4347 retuli
950 4304 992 4348 Β
1137 4299 1235 4348 site
1281 4301 1419 4348 unita
1466 4296 1541 4359 (in
1580 4303 1657 4349 sic
1698 4302 1926 4348 emunita
1959 4309 2130 4363 postea
2171 4304 2319 4357 mut.)
2356 4304 2388 4349 S
2433 4303 2498 4349 sit
2541 4318 2683 4349 emu-

420 4393 537 4437 nita
574 4391 613 4437 Δ
760 4392 829 4436 26
855 4388 1151 4448 curculion?
1178 4392 1211 4437 S

402 4479 426 4513 3
