3109 5559
651 364 732 429 5ο
1284 369 1337 412 L.
1388 369 1513 411 1vm
1561 368 1884 411 nonenim
1931 368 2339 412 coLvimLLAs
3075 341 3092 510 Ι

542 545 618 610 25
863 528 1154 590 Lactuca
1178 526 1452 591 totidem
1482 527 1778 589 foliorum
1806 539 1968 609 quot
1998 527 2287 589 brassica
2313 526 2642 589 transferri
2666 527 2896 589 debet.
3075 513 3092 608 Ι

649 634 809 696 locis
854 634 1119 715 quidem
1169 635 1406 716 apricis
1451 647 1518 696 et
1567 635 1903 697 maritimis
1950 635 2199 714 optime
2245 645 2558 696 autumno
2607 635 2897 714 ponitur,

649 741 1137 803 mediterraneis
1185 752 1251 804 et
1298 741 1546 823 frigidis
1578 754 1837 818 contra;
1888 742 2102 803 hieme
2135 761 2264 803 non
2299 760 2507 822 aeque
2540 741 2900 802 commode

646 846 1075 928 dispangitur.
1162 849 1279 910 sed
1345 860 1412 910 et
1477 849 1665 912 huius
1729 868 1992 928 quoque
2040 848 2227 910 radix
2275 846 2430 909 fimo
2477 846 2643 908 liniri
2692 848 2900 909 debet

649 955 1093 1036 maioremque
1138 955 1397 1036 copiam
1445 955 1776 1016 desiderat
1823 974 2052 1036 aquae,
2102 956 2156 1016 si
2196 974 2327 1035 quo
2360 955 2701 1016 tenerioris
2734 953 2896 1017 solii.
2984 987 3010 1031 5

544 1066 626 1126 26
647 1071 797 1123 sunt
860 1072 1076 1123 autem
1146 1060 1461 1142 conplura
1526 1061 1818 1123 lactucae
1883 1082 2143 1142 genera,
2205 1082 2374 1142 quae
2434 1081 2555 1122 suo
2602 1061 2901 1142 quidque
3077 953 3092 1230 Ι

647 1178 945 1248 tempore
992 1169 1119 1229 seri
1165 1179 1444 1248 oportet.
1497 1188 1741 1241 eorum,
1778 1189 1946 1250 quae
1980 1168 2140 1231 susci
2173 1180 2274 1230 est
2305 1166 2408 1230 uel
2442 1169 2750 1248 purpurei
2782 1181 2900 1230 aut

648 1275 845 1336 etiam
918 1275 1140 1336 uiridis
1204 1274 1441 1337 coloris
1508 1287 1574 1337 et
1637 1276 1833 1354 crispi
1883 1273 2034 1349 folii,
2085 1276 2176 1337 uti
2225 1273 2615 1346 Caeciliana,
2665 1294 2901 1336 mense

649 1381 947 1443 Ianuario
1015 1393 1189 1444 recte
1254 1382 1563 1456 differtur,
1637 1394 1705 1444 at
1770 1381 2216 1462 Cappadocia,
2283 1401 2451 1462 quae
2515 1380 2760 1462 pallido
2832 1395 2901 1442 et

655 1508 830 1568 pexo
887 1488 1228 1568 densoque
1278 1487 1432 1550 folio
1480 1489 1663 1563 uiret,
1715 1508 1939 1551 mense
1986 1488 2368 1564 Februari03
2436 1508 2606 1569 quae
2653 1487 2902 1549 deinde
2935 1520 3000 1552 ιο

654 1594 938 1656 candida
983 1605 1083 1656 est
1130 1607 1196 1657 et
1242 1596 1620 1675 crispissimi
1669 1595 1821 1669 folii,
1871 1606 1939 1657 ut
1988 1598 2051 1657 in
2103 1596 2437 1676 prouincia
2482 1595 2751 1657 Baetica
2794 1609 2903 1656 est

656 1700 894 1762 finibus
962 1700 1270 1764 Gaditani
1336 1703 1687 1783 municipii,
1757 1722 1982 1764 mense
2048 1703 2284 1764 Martio
2340 1715 2515 1764 recte
2563 1702 2896 1782 pangitur.

546 1827 622 1891 27
650 1818 752 1870 est
797 1818 864 1869 et
912 1807 1137 1889 Cyprii
1184 1810 1442 1890 generis
1490 1829 1578 1871 ex
1624 1809 1776 1872 albo
1826 1809 2201 1884 rubicunda,
2253 1807 2379 1871 leui
2427 1819 2491 1870 et
2539 1810 2904 1872 tenerrimo

653 1913 827 1988 folio,
899 1935 1067 1995 quae
1136 1936 1340 1996 usque
1406 1919 1468 1978 in
1532 1916 1685 1978 Idus
1733 1916 2061 1979 Octobres
2107 1916 2456 1977 commode
2503 1916 2899 1996 disponitur.
3099 1907 3101 1910 ¹

653 2021 784 2082 sere
843 2032 1061 2083 tamen
1123 2023 1348 2103 aprico
1395 2022 1557 2085 caeli
1606 2034 1799 2097 statu,
1849 2023 2084 2104 quibus
2131 2023 2291 2085 locis
2335 2042 2652 2103 aquarum
2699 2025 2903 2102 copia
2937 2052 2999 2098 15

651 2141 769 2201 est,
821 2149 991 2209 pene
1053 2140 1193 2191 toto
1242 2149 1415 2192 anno
1464 2128 1718 2191 lactuca
1766 2131 1893 2191 seri
1941 2140 2174 2210 potest.
2249 2149 2419 2210 quae
2465 2149 2596 2210 quo
2643 2130 2906 2191 tardius

650 2235 903 2297 caulem
954 2235 1163 2311 faciat,
1216 2257 1362 2298 cum
1412 2236 1675 2318 aliquod
1726 2238 2193 2299 incrementum
2225 2236 2541 2310 habuerit,
2576 2237 2900 2317 exiguam
3079 2135 3095 2420 Ι

650 2354 887 2405 testam
960 2343 1175 2405 media
1246 2354 1429 2423 parte
1494 2345 1804 2424 accipiat;
1873 2363 1955 2404 eo
2014 2344 2198 2424 quasi
2246 2362 2443 2404 onere
2491 2345 2777 2404 coercita
2836 2346 2901 2404 in

652 2448 1058 2511 latitudinem
1106 2470 1178 2511 se
1224 2449 1543 2512 diffundit.
1626 2449 1856 2512 eadem
1908 2461 2008 2511 est
2054 2451 2219 2511 ratio
2265 2451 2463 2511 etiam
2505 2449 2732 2521 intubi,
2769 2452 2906 2512 nisi
3077 2475 3101 2872 Ι

651 2557 827 2636 quod
876 2557 1155 2618 hiemem
1207 2558 1414 2638 magis
1460 2558 1738 2619 sustinet
1784 2556 2064 2637 ideoque
2096 2556 2199 2618 uel
2235 2556 2483 2637 frigidis
2517 2557 2907 2637 regionibus
2929 2586 2998 2617 20

654 2664 863 2743 primo
912 2677 1225 2725 autumno
1271 2666 1396 2726 seri
1444 2676 1682 2744 potest.

549 2770 628 2830 28
867 2770 1141 2833 Cinarae
1210 2770 1505 2833 subolem
1580 2769 1808 2832 melius
1877 2791 1990 2852 per
2053 2772 2344 2833 autumni
2403 2771 2904 2851 aequinoctium

655 2876 1110 2958 disponemus;
1190 2898 1411 2939 semen
1484 2878 1896 2939 commodius
1963 2880 2133 2940 circa
2209 2877 2544 2939 Kalendas
2623 2876 2905 2940 Martias

653 3005 963 3057 seremus‚
1037 2986 1306 3065 eiusque
1377 2985 1665 3064 plantam
1731 2998 1882 3046 ante
1935 2983 2273 3047 Kalendas
2328 2983 2738 3046 Nouembres
2789 2986 2905 3046 de·

835 3233 864 3263 2
904 3218 1113 3277 ponitur
1149 3220 1192 3265 Β
1228 3225 1489 3278 ponuntur
1530 3220 1603 3266 SA
1788 3233 1818 3276 3
1857 3218 2024 3265 hieme
2060 3220 2103 3265 Β
2141 3215 2309 3264 hieme
2343 3218 2378 3264 S
2413 3217 2632 3264 hiemem
2673 3221 2712 3267 A

655 3323 683 3364 4
725 3306 1043 3366 dispangitur
1079 3309 1112 3354 S
1150 3307 1459 3368 dispargitur
1497 3309 1584 3356 ΑΒ
1743 3315 1794 3355 et
1830 3323 1932 3353 om.
1971 3309 2004 3354 b
2149 3305 2260 3353 iniri
2297 3320 2333 3355 a
2476 3320 2507 3366 5
2547 3306 2590 3353 si
2629 3322 2734 3366 quo
2776 3309 2902 3358 SAR

654 3395 800 3454 sique
839 3397 870 3442 b
909 3395 1048 3442 sicco
1074 3397 1106 3443 d
1145 3411 1248 3455 quo
1275 3396 1317 3443 si
1343 3408 1377 3454 p
1521 3398 1553 3442 6
1594 3403 1711 3443 sunt
1749 3411 1866 3455 quae
1900 3397 1933 3442 S
2076 3394 2342 3454 complura
2367 3395 2489 3442 SAR
2635 3411 2833 3456 genere
2859 3401 2900 3446 A

795 3485 1020 3543 quidque
1057 3485 1168 3533 SAa
1207 3498 1371 3544 quoq3
1410 3488 1451 3534 Β
1601 3500 1627 3544 7
1668 3485 1769 3531 seri
1809 3488 1852 3533 Β
1897 3484 2008 3531 fieri
2047 3485 2121 3532 SA
2267 3485 2312 3531 ἃ
2350 3482 2478 3531 εοτῦ
2510 3485 2544 3530 S
2692 3495 2776 3533 est
2817 3489 2898 3534 uel

653 3575 860 3635 scripsi:
884 3580 935 3621 ct
970 3581 1027 3622 ut
1064 3575 1138 3622 SA
1176 3583 1228 3620 et
1265 3574 1405 3620 uelut
1441 3578 1484 3623 Β
1522 3573 1679 3620 ueluti
1717 3575 1750 3621 d
1788 3581 1839 3620 et
1876 3574 1996 3619 ulue
2033 3585 2067 3631 ι)
2257 3575 2289 3619 8
2327 3579 2380 3620 at
2415 3576 2458 3621 Β
2496 3573 2560 3620 ad
2602 3576 2641 3622 A
2686 3576 2739 3630 (d
2785 3577 2840 3622 in
2879 3585 2897 3622 t

654 3667 779 3710 matt.
823 3654 919 3718 ιη’)
958 3666 992 3712 S
1029 3678 1086 3710 ac
1127 3666 1158 3711 b
1408 3679 1440 3721 9
1479 3664 1822 3723 cappadocica
1859 3663 1893 3709 S
2125 3677 2185 3709 1o
2222 3662 2311 3708 ioli
2351 3661 2482 3709 uitet
2520 3663 2574 3720 (o
2613 3670 2779 3726 supra
2817 3673 2894 3727 pr.

655 3754 666 3799 i
705 3753 867 3800 adscr.
908 3745 1006 3806 ηιξ)
1043 3754 1076 3799 S
1132 3752 1238 3799 folii
1277 3752 1408 3799 uiret
1446 3755 1485 3801 A
1695 3767 1749 3798 11
1792 3751 1992 3813 ‚puintia
2028 3753 2067 3800 A
2274 3766 2335 3798 12
2372 3750 2636 3811 municipit
2676 3756 2714 3801 A

660 3858 720 3902 13
760 3843 901 3904 cypri
951 3845 1069 3892 SAR
1272 3858 1333 3901 14
1377 3843 1621 3889 octobres
1660 3842 1694 3888 S
1740 3841 1968 3888 octobris
2007 3842 2083 3889 Aa
2131 3840 2305 3901 aprilis
2342 3844 2388 3890 Β
2595 3857 2653 3902 17
2699 3859 2815 3891 cum
2856 3848 2896 3892 Β

653 3931 707 3979 tii
748 3933 781 3978 S
818 3939 922 3979 tum
964 3934 1000 3980 A
1182 3932 1317 3979 aliud
1355 3934 1478 3980 abm
1671 3946 1729 3989 19
1767 3930 1924 3980 intubi
1962 3932 2119 3986 Sdgm
2159 3929 2301 3977 intibi
2339 3931 2436 3990 hoq
2474 3930 2614 3978 inubi
2645 3933 2684 3980 A
2713 3932 2841 3980 uitib
2865 3946 2898 3990 p

654 4022 805 4068 sutibi
844 4035 880 4069 a
1024 4021 1135 4067 nusi
1174 4023 1206 4068 S
1351 4035 1412 4067 21
1456 4021 1695 4080 proximo
1733 4023 1802 4068 ab
1948 4034 2013 4066 22
2051 4019 2287 4067 subolem
2328 4021 2378 4074 (u
2420 4020 2473 4066 in
2514 4034 2545 4066 o
2583 4027 2712 4067 mut.
2742 4017 2897 4076 m²)S

832 4125 898 4169 23
938 4110 1271 4170 disponemus
1309 4113 1352 4158 Β
1388 4110 1708 4170 disponimus
1748 4110 1859 4156 SAa
2024 4123 2088 4167 24
2129 4108 2291 4167 eiusq.
2326 4113 2442 4170 post
2477 4108 2654 4168 plantss
2694 4119 2795 4173 rep.
2828 4128 2894 4157 m.

647 4207 745 4261 pr„
786 4199 877 4245 dcl.
919 4192 995 4245 m⁹
1033 4201 1065 4246 S
1245 4205 1362 4246 aute
1399 4200 1510 4247 SAa
1548 4201 1622 4248 (in
1663 4199 1852 4259 marg.)
1890 4200 1923 4245 b
1961 4198 2094 4245 circa
2132 4201 2175 4246 Β
2347 4196 2568 4246 nouebr.
2609 4200 2644 4246 S
2683 4215 2895 4247 nouem-

656 4288 759 4335 bris
798 4290 836 4335 A
878 4304 1080 4335 nouem.
1120 4290 1202 4335 uel
1237 4288 1532 4335 nouembris
1571 4292 1614 4337 Β
