3109 5559
1555 251 1675 317 Rei
1705 251 1983 319 rusticae
2013 251 2126 318 lib.
2159 252 2222 317 V
2250 275 2306 319 c.
2342 272 2377 339 5
2516 272 2631 338 123

180 427 578 514 praedictam
600 449 979 494 mensuram
1001 427 1396 507 educuntur3
1423 427 1662 495 deinde
1685 450 1766 494 ex
1790 428 2073 495 brachiis
2098 429 2283 515 quasi
2309 430 2636 516 quaedam

83 548 137 612 65
179 557 422 601 cornua
463 534 905 621 prominentia
945 534 1228 621 relinqui
1272 549 1532 621 oportet
1576 549 1773 622 atque
1816 535 1908 602 ita
1948 549 2157 602 totam
2200 537 2408 603 uitem
2450 538 2634 604 omni

183 656 360 727 parte
390 642 463 707 in
492 641 725 707 orbem
755 641 1058 708 diffundi.

262 770 344 811 rr
382 747 750 814 Putationis
789 762 1010 814 autem
1048 748 1212 814 ratio
1250 749 1482 815 eadem
1519 763 1639 828 est,
1683 771 1850 835 quae
1889 749 1961 815 in
1997 749 2233 836 iugatis
2272 750 2628 831 uiti<bu>s.

182 877 310 921 uno
373 869 637 922 tantum
702 855 1034 939 differ[e]t,
1103 855 1286 941 quod
1351 878 1473 942 pro
1538 856 1827 922 materiis
1891 856 2299 942 longioribus
2363 856 2635 943 pollices

184 975 575 1048 quaternum
618 976 730 1028 aut
772 961 1056 1048 quinum
1097 984 1508 1048 gemmarum
1549 962 2034 1049 relinquuntur.
2081 985 2203 1049 pro
2246 963 2637 1030 custodibus

88 1095 147 1144 70
184 1082 396 1135 autem
430 1068 794 1154 bigemmes
826 1067 1064 1134 resices
1094 1067 1283 1134 fiunt.
1320 1069 1389 1134 in
1421 1091 1499 1135 ea
1529 1069 1768 1135 deinde
1800 1069 2013 1148 uinea,
2050 1091 2252 1155 quam
2283 1069 2634 1155 capitatam

185 1175 485 1254 diximuS,
518 1175 699 1242 iuxta
728 1175 942 1261 ipsam
972 1189 1252 1241 matrem
1280 1196 1491 1261 usque
1524 1174 1609 1241 ad
1639 1197 1880 1262 corpus
1910 1189 2317 1242 sarmentum
2349 1176 2635 1242 detrahi-

184 1294 305 1361 tur,
349 1305 486 1348 una
528 1296 640 1348 aut
682 1283 883 1349 altera
921 1280 1384 1348 tantummodo
1427 1304 1688 1368 gemma
1730 1281 1971 1361 relicta,
2019 1304 2186 1368 quae
2229 1282 2356 1368 ipsi
2398 1297 2636 1350 trunco

186 1388 504 1455 adhaeret.
598 1410 680 1455 12
724 1389 852 1455 hoc
879 1402 992 1454 aut
1018 1388 1221 1474 riguis
1249 1402 1360 1454 aut
1388 1388 1838 1475 pinguissimis
1866 1387 2025 1455 locis
2052 1387 2194 1455 fieri
2221 1402 2367 1455 tuto
2395 1404 2632 1476 potest,

187 1495 494 1581 quoniam
515 1496 691 1562 uires
711 1510 920 1562 terrae
941 1510 1006 1562 et
1029 1495 1322 1561 fructum
1342 1509 1409 1561 et
1429 1495 1732 1561 materias
1753 1495 1975 1561 ualent
1997 1495 2327 1581 praebere.
2353 1497 2636 1563 maxime

93 1628 148 1678 75
189 1616 399 1668 autern
445 1603 675 1668 aratris
721 1601 1049 1682 excolunt,
1102 1601 1219 1688 qui
1266 1601 1360 1668 sic
1408 1601 1720 1668 formatas
1766 1602 1994 1668 uineas
2041 1601 2306 1682 habent,
2358 1625 2638 1690 eamque

188 1708 499 1775 rationem
543 1722 914 1796 sequuntur
958 1708 1343 1775 detrahendi
1387 1707 1638 1775 uitibus
1681 1707 1965 1788 brachia,
2013 1709 2195 1795 quod
2238 1709 2382 1795 ipsa
2424 1710 2638 1796 capita

189 1814 319 1882 sine
350 1816 487 1882 ulla
520 1815 807 1882 extantia
840 1838 1056 1902 neque
1090 1830 1302 1882 aratro
1336 1837 1555 1901 neque
1590 1814 1811 1881 bubus
1845 1814 2129 1881 obnoxia
2163 1830 2337 1882 sunt.
2377 1838 2533 1883 nam
2567 1816 2639 1883 in

190 1920 528 1989 brachiatis
571 1922 962 2009 plerumque
1003 1921 1098 2002 fit,
1143 1936 1220 1988 ut
1261 1936 1372 1988 aut
1414 1943 1603 1989 crure
1647 1936 1757 1988 aut
1799 1921 2111 1989 cornibus
2153 1922 2360 1988 boum
2402 1923 2636 1989 ramuli

190 2027 418 2095 uitium
449 2029 926 2116 defringantur,
958 2051 1151 2115 saepe
1181 2029 1381 2096 etiam
1410 2029 1600 2108 stiua,
1636 2028 1800 2095 dum
1828 2028 2098 2095 sedulus
2125 2043 2341 2095 arator
2369 2052 2640 2096 uomere

96 2144 154 2196 80
191 2135 615 2222 perstringere
657 2136 961 2202 ordinem
1000 2150 1066 2202 et
1110 2158 1312 2222 quam
1353 2136 1723 2222 proximam
1765 2149 2021 2222 partem
2061 2136 2304 2202 uitium
2345 2136 2640 2203 excolere

191 2242 419 2309 studet.
514 2264 597 2325 13
642 2257 838 2329 atque
874 2243 1034 2309 haec
1070 2241 1343 2329 quidem
1378 2242 1635 2309 cultura
1669 2242 1778 2308 uel
1813 2241 2162 2309 brachiatis
2198 2242 2305 2308 uel
2341 2243 2640 2329 capitatis

192 2347 448 2429 uitibus,
483 2363 840 2436 antequam
870 2363 1348 2436 progemment,
1381 2348 1753 2416 adhibetur.

267 2454 438 2522 Cum
476 2455 717 2523 deinde
751 2456 1305 2542 germinauerunt,
1343 2455 1559 2523 fossor
1594 2456 1964 2543 insequitur
1998 2479 2073 2523 ac
2110 2455 2494 2523 bidentibus
2529 2478 2638 2523 eas

194 2576 396 2645 partes
444 2563 713 2650 subigit,
766 2585 930 2650 quas
978 2563 1309 2630 bubulcus
1357 2585 1494 2628 non
1542 2563 1803 2649 putauit
1851 2563 2240 2649 pertingere.
2293 2586 2467 2643 mox,
2521 2563 2637 2630 ubi

98 2675 152 2740 85
194 2669 481 2736 materias
505 2670 663 2737 uitis
686 2670 905 2757 exigit,
933 2670 1303 2757 insequitur
1326 2670 1742 2756 pampinator
1765 2683 1832 2736 et
1854 2691 2300 2756 superuacuos
2325 2669 2636 2756 deterget,

195 2771 555 2844 fructuosos
615 2777 917 2863 palmites
975 2776 1349 2856 summittit,
1413 2777 1530 2863 qui
1588 2799 1743 2843 cum
1801 2775 2261 2855 induruerunt,
2324 2775 2509 2842 uelut
2568 2776 2640 2842 in

195 2900 491 2950 coronam
517 2884 893 2971 religantur.
924 2884 1052 2951 hoc
1079 2883 1338 2950 duabus
1363 2906 1445 2950 ex
1469 2884 1682 2951 causis
1708 2881 1803 2950 fit:
1833 2906 1984 2962 una,
2015 2905 2097 2949 ne
2126 2882 2332 2949 libero
2359 2904 2640 2949 excursu

198 2984 261 3052 in
318 2988 642 3057 luxuriam
703 3005 1058 3077 prorepant
1119 2990 1472 3077 omniaque
1534 2990 1842 3056 alimenta
1904 2990 2201 3076 pampini
2263 2990 2638 3070 absumant,

198 3092 398 3175 altera,
447 3111 523 3164 ut
568 3096 835 3183 religata
881 3096 1036 3164 uitis
1083 3118 1309 3163 rursus
1356 3096 1611 3163 aditum
1657 3096 1948 3163 bubulco
1995 3096 2362 3182 fossorique
2410 3095 2480 3161 in
2526 3117 2639 3161 ex-

103 3222 163 3269 90
200 3200 527 3270 colendam
573 3226 644 3269 se
691 3203 1018 3289 praebeat.
1111 3224 1195 3286 14
1237 3203 1669 3290 pampinandi
1714 3217 1936 3269 autem
1982 3201 2223 3268 modus
2268 3203 2325 3268 is
2372 3203 2513 3281 erit,
2565 3216 2641 3268 ut

199 3309 403 3391 opacis
452 3310 613 3376 locis
664 3310 1041 3396 umidisque
1093 3323 1159 3376 et
1209 3309 1463 3396 frigidis
1514 3323 1752 3375 aestate
1804 3309 1962 3375 uitis
2012 3309 2300 3376 nudetur
2350 3308 2640 3395 foliaque

198 3411 562 3494 palmitibus
598 3415 1042 3495 detrahantur,
1079 3430 1154 3482 ut
1186 3416 1631 3482 maturitatem
1662 3415 1919 3482 fructus
1952 3437 2184 3501 capere
2216 3415 2425 3502 possit
2457 3428 2523 3481 et
2556 3436 2640 3480 ne

199 3617 337 3668 ormi
356 3630 567 3682 partem
588 3619 705 3672 S¹A
724 3636 950 3672 omnem
971 3629 1184 3683 partem
1205 3618 1268 3672 S⁸
1301 3646 1339 3654 —
1375 3620 1443 3684 67
1466 3619 1661 3671 eadem
1679 3619 1731 3670 R
1752 3636 1881 3670 nam
1902 3619 2099 3670 eodem
2121 3618 2213 3671 SA
2246 3645 2284 3654 -
2319 3618 2527 3670 uitibus
2550 3631 2637 3684 γρ

200 3702 316 3756 uitis
351 3707 489 3760 SAR
522 3736 561 3745 -
597 3709 666 3760 68
707 3709 890 3760 differt
927 3707 1313 3775 ewfioziiylpr
1349 3709 1565 3760 differet
1603 3706 1899 3773 SAhjbfye
1938 3708 2145 3759 differri
2184 3723 2254 3759 m
2292 3707 2556 3759 differunt
2595 3706 2639 3758 fi

201 3791 425 3848 differret
447 3811 486 3850 a
507 3825 545 3834 -
566 3813 638 3862 70
661 3799 857 3850 resices
881 3797 1023 3850 fiunt
1045 3796 1152 3850 811⁸
1176 3798 1314 3850 resic
1337 3798 1510 3861 (resec
1530 3796 1621 3860 11²)
1646 3796 1893 3849 efficiunt
1915 3795 2052 3862 Ah1j
2078 3813 2284 3848 reseces
2309 3797 2545 3860 (resecas
2571 3795 2646 3847 M·

201 3896 387 3936 reseres
405 3888 461 3951 ρ)
480 3887 631 3940 fiunt
650 3885 828 3952 21pr
848 3905 946 3939 om.
969 3905 1021 3939 u.
1043 3897 1119 3951 sp.
1143 3904 1185 3938 r.
1209 3901 1248 3940 ο
1282 3914 1320 3922 -
1354 3901 1418 3951 71
1444 3898 1785 3939 sarmentum
1802 3887 1854 3938 R
1874 3887 1932 3938 in
1951 3897 2195 3938 mentem
2215 3885 2306 3938 SA
2339 3911 2378 3920 -
2411 3899 2478 3949 73
2503 3884 2640 3937 haec

201 3967 249 4019 R
277 3997 313 4007 -
344 3986 524 4028 autem
559 3994 660 4028 om.
699 3976 762 4028 S¹
796 4003 835 4012 -
870 3991 937 4041 75
976 3977 1232 4028 excolunt
1265 3976 1317 4027 R
1353 3977 1552 4028 excolis
1588 3976 1651 4028 S¹
1687 3975 1753 4039 (Ρ,
1792 3976 1922 4039 ras.)
1957 3975 2010 4027 A
2044 3975 2217 4027 excoli
2252 3973 2315 4027 S⁸
2349 4001 2387 4010 -
2420 3975 2497 4027 sit
2530 3973 2583 4025 A
2605 4000 2644 4010 -

203 4055 392 4115 habens
428 4064 481 4116 A
512 4092 551 4101 -
587 4082 711 4117 eam
746 4066 798 4117 R
833 4092 871 4101 -
906 4066 975 4130 76
1014 4076 1274 4117 secuntur
1311 4065 1403 4117 SA
1435 4091 1474 4100 -
1508 4065 1686 4129 capite
1724 4064 1815 4117 SA
1849 4091 1887 4100 -
1922 4077 1990 4128 77
2029 4065 2183 4116 bubo
2220 4064 2382 4116 noxia
2422 4064 2462 4116 S
2495 4089 2533 4098 -
2571 4076 2641 4127 79

203 4147 352 4202 etiam
374 4152 535 4205 s¹AR
559 4166 615 4206 et
639 4171 763 4206 eam
784 4154 846 4206 S¹
881 4181 920 4191 -
953 4155 1178 4206 sedibus
1203 4154 1320 4220 λρσ
1342 4154 1579 4206 sedcilus
1595 4152 1620 4218 j
1657 4180 1695 4189 -
1732 4154 1793 4205 81
1823 4153 2075 4206 braciatis
2098 4152 2151 4204 A
2184 4179 2222 4188 -
2261 4152 2566 4217 capitatatis
2590 4152 2643 4204 A

202 4257 236 4268 ·
267 4237 329 4291 82
361 4242 563 4295 uitibus
594 4261 694 4295 om.
718 4243 810 4296 SA
843 4270 881 4280 -
915 4254 1298 4308 progemment
1318 4243 1358 4296 S
1375 4253 1728 4307 progerment
1747 4242 1800 4294 A
1818 4253 2057 4307 gemmet
2076 4240 2245 4307 Ιιῇλίρ
2265 4252 2544 4306 gemment
2563 4255 2642 4305 yn

205 4328 451 4385 germinet
491 4349 526 4397 9
559 4359 600 4369 -
637 4333 890 4385 adibetur
932 4333 999 4385 S¹
1034 4359 1072 4368 -
1108 4332 1173 4396 83
1219 4332 1646 4397 germinauerint
1688 4330 1851 4397 h¹jzr
1892 4331 2279 4396 germinauerit
2321 4329 2570 4394 h'ffiyco
2604 4357 2642 4366 -

206 4412 501 4472 uidentibus
522 4421 641 4474 S¹A
674 4448 713 4458 -
750 4422 818 4486 84
839 4421 1022 4486 potuit
1033 4420 1256 4486 jsr²yco
1289 4448 1328 4458 -
1363 4421 1430 4473 86
1453 4421 1761 4473 fructoosos
1783 4420 1845 4473 S¹
1879 4446 1920 4456 -
1952 4420 2178 4484 palmite
2199 4420 2239 4472 S
2273 4446 2311 4456 -
2344 4419 2642 4471 induerue-

209 4514 325 4555 runt
344 4507 414 4559 Αι
447 4536 484 4546 -
518 4511 690 4563 uelud
713 4510 766 4562 A
801 4537 839 4546 -
874 4510 942 4575 87
967 4511 1186 4563 duobus
1209 4509 1283 4562 A¹
1318 4537 1356 4546 -
1390 4511 1564 4562 causit
1587 4509 1662 4561 A¹
1696 4536 1735 4545 -
1770 4509 1839 4561 88
1863 4509 2135 4562 luxuriam
2158 4508 2325 4561 SA²R
2348 4508 2544 4560 iuriam
2566 4508 2642 4560 A¹

210 4612 244 4623 -
274 4592 337 4655 89
372 4596 709 4664 fossurisque
748 4599 810 4652 S¹
850 4599 1186 4663 fossorisque
1223 4597 1338 4651 S⁸A
1371 4625 1409 4635 -
1443 4615 1514 4661 90
1553 4599 1639 4651 bis
1678 4598 1752 4650 A¹
1787 4625 1826 4635 -
1860 4615 1929 4662 92
1969 4597 2333 4650 detrahuntur
2371 4597 2463 4650 SA
2498 4624 2536 4634 -
2572 4613 2643 4660 94
