3109 5559
821 334 904 388 50

856 496 1062 559 XIIII.
1114 496 1332 578 Quem
1396 497 1480 559 ad
1545 498 1817 559 modum
1872 496 2260 559 emendetur
2320 495 2492 558 salsa
2539 509 2606 559 et
2653 494 2980 578 uliginosa

1206 618 1395 667 terra.

904 714 1050 776 XV.
1104 712 1321 795 Quem
1393 712 1477 774 ad
1552 712 1821 774 modum
1896 711 1978 773 ad
2051 722 2415 773 sementem
2476 709 2800 772 frumenta
2848 711 2978 772 sint

1204 820 1532 901 efigenda.
1815 810 1818 813 Α

879 929 1057 992 XVI.
1110 927 1328 1010 Quem
1362 928 1445 989 ad
1481 928 1751 989 modum
1789 926 1960 988 iacta
1994 938 2290 988 semente
2340 924 2663 987 frumenta
2696 923 2978 986 colenda
2998 958 3028 1004 5

1203 1047 1353 1098 slnt.

851 1144 1059 1207 XVII.
1112 1144 1215 1205 De
1263 1145 1570 1206 sartione.

826 1251 1068 1315 XVIII.
1119 1251 1224 1313 De
1273 1251 1673 1313 runcatione.

796 1358 1066 1421 XVIIII.
1118 1356 1318 1438 Quod
1366 1357 1580 1420 solum
1628 1358 1862 1438 cuique
1910 1354 2223 1438 legumini
2271 1356 2642 1417 conueniat.

919 1467 1061 1528 XX.
1113 1464 1330 1546 Quem
1378 1465 1785 1547 admodum
1832 1475 1899 1527 et
1946 1475 2111 1545 quot
2156 1464 2378 1544 operis
2424 1463 2718 1544 iugerum
2769 1463 3053 1544 quod-10

1196 1593 1324 1654 que
1374 1572 1842 1634 frumentorum
1892 1583 1958 1633 et
2005 1570 2406 1651 leguminum
2454 1569 2724 1633 colatur.

876 1681 1050 1743 XXI.
1103 1681 1225 1742 Pro
1268 1680 1472 1742 modo
1505 1680 1820 1759 cuiusque
1853 1679 1992 1759 agri
2024 1688 2186 1759 quot
2219 1697 2463 1759 operae
2497 1677 2970 1739 desiderentur.

847 1786 1052 1851 XXII.
1103 1786 1294 1868 Quae
1341 1786 1673 1867 legumina
1721 1787 1896 1867 agris
1943 1786 2196 1866 prosint
2242 1804 2545 1866 quaeque
2594 1796 2898 1847 noceant.

819 1895 1054 1958 XXIII.
1105 1894 1209 1957 De
1257 1893 1610 1976 generibus
1656 1894 1983 1956 stercoris.

786 2003 1050 2065 XXIIII.
1102 2000 1360 2082 Quibus
1409 2001 1818 2082 temporibus
1865 2001 2006 2081 agri
2053 2001 2459 2062 stercorandi
2510 2000 2658 2061 sint.
2993 2030 3045 2076 15

837 2110 1048 2173 XXV.
1099 2108 1318 2190 Quem
1366 2109 1451 2172 ad
1501 2110 1768 2171 modum
1819 2129 1906 2170 ex
1953 2128 2115 2170 aruo
2164 2120 2351 2189 prata
2399 2107 2577 2169 fiant.

816 2217 1055 2281 XXVI.
1108 2216 1326 2297 Quem
1374 2218 1460 2279 ad
1510 2217 1779 2278 modum
1830 2215 2003 2278 facta
2053 2227 2241 2296 prata
2289 2213 2604 2278 colantur.

786 2325 1055 2387 XXVII.
1108 2322 1324 2404 Quem
1398 2325 1481 2386 ad
1553 2325 1821 2385 modum
1894 2325 2221 2385 succisum
2281 2323 2541 2385 faenum
2592 2327 2857 2387 tractari
2903 2334 2966 2386 et

1192 2432 1387 2493 condi
1437 2431 1698 2494 debeat.

749 2539 1052 2601 XXVIII.
1104 2538 1207 2601 De
1257 2559 1408 2601 area
1456 2537 1938 2601 constituenda.
2982 2570 3041 2602 20

718 2647 1050 2709 XXVIIII.
1102 2647 1205 2708 De
1254 2667 1468 2708 messe
1519 2645 1837 2708 facienda.

849 2754 1053 2817 XXX.
1105 2752 1257 2833 Quo
1307 2754 1508 2816 modo
1557 2766 1856 2817 araturae
1904 2753 2040 2816 fieri
2089 2753 2396 2817 debeant.

820 2861 1056 2924 XXXI.
1109 2861 1297 2941 Quae
1368 2880 1486 2942 per
1556 2860 1751 2924 serias
1821 2860 2013 2923 liceat
2083 2863 2389 2944 agricolis
2456 2872 2522 2925 et
2592 2884 2763 2944 quae
2837 2884 2957 2926 non

1189 2968 1381 3030 liceat
1430 2968 1664 3033 facere.

897 3231 925 3280 3
958 3227 1056 3282 pro
1094 3219 1184 3268 XV
1221 3235 1333 3281 sqq.
1370 3220 1464 3268 vll
1500 3235 1609 3281 sqq.
1645 3229 1755 3282 pos.
1782 3222 1895 3279 sAu
1928 3219 2189 3277 (numeros
2229 3223 2444 3269 omnino
2481 3238 2584 3269 om.
2612 3223 2666 3276 d)
2817 3241 2847 3283 4
2882 3221 2962 3270 eli·

715 3309 882 3370 genda
939 3312 979 3358 A
1125 3323 1155 3369 5
1196 3310 1415 3358 sementi
1470 3325 1549 3359 ms
1588 3306 1686 3370 (cfr
1722 3325 1836 3373 arg.
1869 3318 1921 3373 p.
1961 3310 1992 3356 Ι.
2036 3310 2136 3369 XI)
2320 3327 2347 3371 7
2388 3313 2591 3360 satione
2616 3309 2793 3373 SAd¹p

721 3413 783 3445 10
820 3400 959 3463 quod
987 3400 1062 3447 SA
1204 3399 1440 3461 iugerum
1480 3400 1726 3465 quodque
1765 3414 1877 3462 arg.
1913 3405 2033 3462 post
2067 3402 2152 3449 tib.
2191 3401 2295 3449 XI:
2327 3402 2684 3468 unumquodq;
2712 3408 2792 3455 SR
2812 3418 2960 3453 unum

715 3495 944 3552 quotque
982 3491 1022 3537 A
1210 3498 1270 3536 12
1310 3490 1450 3554 quod
1476 3492 1580 3539 SAs
1731 3504 1793 3551 15
1834 3492 2161 3539 stercorandi
2187 3494 2304 3540 SAR
2343 3493 2714 3553 proscindendi
2747 3503 2803 3557 p.
2829 3496 2861 3541 Ι.
2887 3491 2961 3540 XI

714 3584 834 3625 sunt
872 3576 984 3637 (sed
1004 3593 1034 3624 u
1075 3593 1178 3625 ras.
1218 3579 1271 3625 in
1311 3579 1325 3625 i
1364 3577 1513 3636 mut.)
1549 3583 1583 3628 S
1746 3594 1813 3627 aa
1853 3596 1975 3628 area
2015 3588 2161 3643 terne
2197 3588 2405 3645 stature
2442 3578 2536 3642 d¹q
2576 3590 2788 3632 aratura
2823 3578 2960 3643 g'ms

718 3665 914 3714 uritura
950 3661 1007 3726 ς’
1050 3682 1172 3716 area
1210 3674 1383 3717 terrae
1409 3664 1582 3728 SAd¹p
1728 3670 1953 3719 debeant
1986 3678 2038 3732 p.
2079 3671 2110 3718 l.
2151 3671 2255 3718 XI:
2294 3672 2486 3720 debent
2522 3674 2664 3732 ΒΑμε
2703 3674 2959 3722 debeata

713 3757 868 3804 debet
893 3758 1000 3816 dgq
1148 3773 1213 3818 24
1254 3757 1428 3807 ferens
1468 3761 1501 3807 S
1537 3759 1720 3808 {eretis
1758 3762 1798 3808 A
