3109 5559
649 492 765 555 116
1199 509 1255 557 L.
1302 509 1449 553 ΝΜ
1491 505 1842 555 monitum
1886 505 2328 558 coLVMELLAE

589 691 626 750 3
647 672 949 734 minimus
987 670 1168 749 agnis
1203 670 1567 732 uendundis
1602 670 1670 731 in
1707 671 1828 732 hac
1864 671 2109 749 pecude
2147 691 2264 732 nec
2303 673 2470 733 ullus
2505 672 2700 734 lactis
2725 673 2890 734 redi-

645 787 754 842 tus
791 778 1011 841 haberi
1048 785 1285 857 potest,
1331 797 1485 839 nam
1525 784 1595 840 et
1636 777 1746 857 qui
1789 777 2156 839 submoueri
2200 778 2439 841 debent
2465 779 2893 857 paucissimos

643 893 794 966 post
837 886 989 958 dies,
1033 904 1231 964 quam
1259 884 1416 947 editi
1445 891 1617 956 sunt,
1648 884 1955 947 inmaturi
1983 885 2115 946 fere
2142 893 2531 957 mactantur,
2564 887 2892 965 orbaeque

645 994 817 1056 natis
859 992 990 1055 suis
1033 993 1275 1055 alienae
1323 992 1527 1053 suboli
1575 993 1887 1070 praebent
1934 992 2148 1053 ubera.
2198 992 2438 1072 quippe
2472 993 2705 1071 singuli
2743 995 2892 1072 agni

646 1101 813 1163 binis
840 1099 1197 1161 nutricibus
1224 1099 1700 1161 submittuntur
1727 1118 1844 1160 nec
1862 1099 2210 1178 quicquam
2235 1100 2528 1161 subtrahi
2556 1101 2895 1162 submissis
2915 1126 2945 1173 5

646 1208 927 1286 expedit,
988 1226 1118 1286 quo
1174 1206 1450 1267 saturior
1506 1206 1751 1268 lactens
1806 1206 2092 1267 celeriter
2132 1206 2551 1268 confirmetur
2589 1214 2657 1268 et
2698 1216 2896 1285 parta

648 1314 883 1376 nutrici
919 1313 1287 1375 consociata
1314 1313 1527 1374 minus
1554 1313 1803 1375 laboret
1829 1313 1897 1373 in
1924 1313 2306 1375 educatione
2333 1312 2505 1375 fetus
2532 1314 2648 1375 sui.
2692 1334 2893 1393 quam

650 1423 734 1483 ob
780 1440 1043 1483 causam
1092 1419 1380 1498 diligenti
1432 1439 1589 1481 cura
1636 1420 2025 1481 seruandum
2075 1426 2192 1491 est,
2242 1427 2319 1481 ut
2364 1428 2431 1482 et
2477 1421 2608 1482 suis
2652 1421 2895 1483 cotidie

591 1544 631 1605 4
652 1528 967 1591 matribus
1014 1533 1081 1589 et
1128 1527 1350 1588 alienis
1396 1547 1527 1588 non
1563 1527 1933 1589 amantibus
1968 1526 2115 1605 agni
2151 1528 2625 1589 subrumentur.
2677 1529 2896 1606 plures

634 1642 873 1698 autem
921 1635 989 1695 in
1031 1634 1167 1696 eius
1207 1634 1383 1695 modi
1409 1633 1706 1712 gregibus
1733 1653 1931 1712 quam
1958 1634 2026 1695 in
2054 1633 2240 1695 hirtis
2266 1635 2585 1696 masculos
2610 1635 2896 1697 enutrire
2920 1660 2983 1695 10

649 1748 924 1821 oportet.
967 1761 1119 1802 nam
1147 1741 1324 1820 prius
1352 1760 1548 1819 quam
1578 1741 1851 1803 feminas
1877 1741 2036 1804 inire
2062 1741 2332 1819 possint,
2364 1760 2572 1803 mares
2598 1743 2892 1814 castrati,

649 1869 798 1911 cum
836 1849 1157 1910 bimatum
1193 1849 1631 1926 expleuerunt,
1663 1854 2030 1920 enecantur,
2062 1855 2128 1910 et
2157 1849 2352 1927 pelles
2378 1867 2600 1910 eorum
2628 1856 2896 1927 propter

649 1956 1194 2035 pulchritudinem
1242 1956 1428 2017 lanae
1477 1955 1718 2016 maiore
1767 1954 1974 2034 pretio
2026 1975 2222 2034 quam
2272 1956 2398 2017 alia
2446 1956 2683 2017 uellera
2730 1976 2895 2017 mer-

649 2063 947 2126 cantibus
1010 2063 1375 2124 traduntur.
1447 2062 1660 2123 liberis
1724 2068 1943 2124 autem
1995 2063 2241 2141 campis
2292 2069 2359 2124 et
2412 2063 2587 2124 omni
2639 2065 2896 2125 surculo

653 2171 938 2249 ruboque
957 2169 1342 2231 uacantibus
1361 2188 1550 2230 ouem
1571 2169 1882 2231 Graecam
1898 2189 2157 2248 pascere
2177 2169 2670 2242 meminerimus,
2696 2190 2798 2242 ne,
2819 2178 2897 2232 ut
2923 2195 2986 2244 15

596 2291 632 2355 5
653 2296 846 2356 supra
887 2276 1041 2349 dixi,
1086 2283 1153 2340 et
1194 2277 1342 2338 lana
1384 2283 1687 2355 carpatur
1723 2284 1791 2338 et
1827 2284 2148 2355 tegumen.
2181 2296 2299 2339 nec
2325 2283 2548 2338 tamen
2575 2297 2651 2339 ea
2680 2277 2898 2339 minus

793 2473 1035 2523 minimis
1065 2473 1241 2545 flexo.
1276 2472 1364 2536 m:
1566 2472 1872 2522 uendendis
1902 2472 2073 2527 bniix²
2274 2473 2442 2523 ullius
2476 2472 2513 2526 «1
2714 2472 2897 2523 reddi-

650 2566 743 2613 tus
777 2562 1027 2635 yvoelu
1257 2576 1287 2611 2
1328 2563 1516 2627 potest
1552 2561 1744 2611 haberi
1779 2573 1827 2634 γ
2042 2561 2138 2625 qui
2174 2577 2274 2611 om.
2312 2571 2362 2635 γ
2574 2561 2896 2612 submoueri

648 2652 776 2714 opti
810 2652 1148 2702 summoueri
1184 2650 1322 2706 SAR
1602 2651 1809 2700 debent
1843 2652 2022 2724 γραῦ.
2062 2651 2302 2714 nfflssm't
2338 2651 2508 2701 debet
2543 2650 2682 2706 SAR
2755 2693 2764 2698 .

649 2757 680 2806 3
715 2742 981 2791 inmaturi
1018 2739 1176 2796 Bm
1211 2740 1498 2790 immaturi
1534 2739 1587 2793 R
1622 2740 1849 2789 imaturi
1886 2740 1984 2801 diu
2014 2740 2061 2789 si
2097 2740 2303 2789 maturi
2339 2753 2374 2802 g
2405 2741 2612 2790 maturi
2639 2754 2672 2795 ο
2699 2755 2802 2789 om.
2837 2755 2890 2790 u.

648 2835 730 2895 sp.
763 2846 804 2879 r.
831 2844 871 2883 n
1046 2844 1185 2895 pene
1209 2830 1247 2882 u
1277 2844 1409 2879 uero
1431 2843 1463 2884 ο
1637 2829 1924 2879 mactandi
1947 2830 2006 2883 iil
2032 2832 2350 2879 mattantur
2372 2843 2407 2885 o
2431 2826 2665 2881 mittat*
2680 2830 2720 2882 k
2745 2844 2893 2879 mac·

648 2922 841 2970 tentur
872 2933 907 2981 q
1118 2936 1151 2984 4
1183 2919 1331 2968 natis
1363 2919 1516 2973 kaim
1548 2922 1708 2968 nates
1740 2918 1825 2972 SA
1857 2921 1989 2968 nate
2021 2918 2073 2972 R.
2105 2914 2249 2970 mres
2283 2919 2367 2972 tfi²
2545 2918 2726 2968 suboli
2762 2917 2896 2973 S¹A¹

647 3009 825 3059 soboli
864 3008 916 3062 R
944 3008 1149 3058 sobolis
1180 3010 1216 3064 8
1419 3008 1551 3057 anni
1583 3021 1676 3063 mo
1865 3022 1896 3070 5
1929 3008 2073 3057 binis
2104 3023 2204 3058 om.
2239 3018 2363 3061 mm
2550 3008 2895 3057 submittun-

648 3102 742 3148 tur
772 3088 1223 3172 spodessmptiimt
1252 3098 1686 3147 summittuntur
1709 3097 1848 3151 SAR
1876 3098 2306 3147 summittantur
2334 3110 2370 3151 a
2605 3097 2898 3147 submissis

647 3188 828 3241 ‘uam‘
863 3187 1169 3236 summissis
1204 3185 1607 3241 SAbetkltwm
1640 3187 1888 3235 sumissis
1922 3184 2077 3241 hmla
2104 3187 2337 3236 summis
2364 3196 2510 3248 nnn
2537 3186 2711 3236 sumis
2740 3187 2776 3241 8
2804 3201 2897 3235 su-

650 3277 833 3325 minus
861 3290 898 3337 y
925 3277 971 3325 si
1001 3276 1184 3324 minus
1206 3277 1384 3347 γαπ.
1417 3275 1441 3329 t
1468 3290 1721 3325 summus
1743 3277 1801 3338 n)
1997 3280 2031 3326 6
2066 3276 2278 3326 saturio
2301 3286 2366 3329 ω
2395 3278 2628 3325 saturno
2652 3289 2712 3328 m
2739 3290 2896 3324 saur-

648 3365 730 3415 tio
759 3379 791 3417 z
819 3365 1118 3414 saturiores
1148 3364 1172 3418 t
1358 3364 1571 3414 lactens
1598 3365 1808 3428 scripsi:
1840 3365 2001 3414 lactis
2024 3363 2162 3419 SAR
2353 3380 2382 3430 7
2413 3364 2728 3414 consotiata
2751 3364 2897 3418 dm

861 3453 1139 3503 laboraret
1162 3468 1201 3506 u
1226 3452 1456 3503 haberet
1480 3467 1514 3507 fl
1731 3457 1762 3505 8
1798 3458 1856 3503 et
1882 3454 2040 3508 8*ὴὸ
2066 3457 2151 3503 est
2177 3454 2335 3508 S¹AR
2359 3454 2457 3503 del.
2486 3453 2531 3507 θ’
2719 3454 2834 3503 suis
2861 3454 2896 3508 S

648 3544 707 3592 in
743 3543 855 3592 suis
893 3541 995 3597 AR
1238 3542 1440 3591 cotidie
1477 3542 1659 3605 SAlqu
1694 3543 1924 3592 cottidie
1956 3543 1980 3597 t
2010 3543 2261 3607 quotidie
2291 3542 2343 3596 R.
2373 3542 2652 3607 quottidie
2683 3543 2896 3603 baum

863 3648 896 3692 9
934 3631 1095 3681 alieni
1125 3630 1144 3693 j
1181 3631 1342 3681 alicui
1373 3632 1425 3686 (1¹
1641 3635 2028 3682 surrumentur
2057 3633 2125 3686 kr
2153 3632 2531 3681 subtimentur
2554 3633 2590 3687 ξ
2617 3632 2894 3681 subruan-

648 3724 743 3771 tur
771 3721 815 3775 ί*
846 3721 1251 3770 submittentur
1275 3722 1452 3793 γ(εκσ.
1481 3721 1522 3783 t)
1751 3737 1814 3770 10
1852 3721 2099 3771 eiusdem
2134 3735 2166 3776 ο
2197 3720 2515 3770 huiusmodi
2545 3710 2679 3794 ψῐῆ

648 3811 828 3873 hyrtis
859 3809 904 3865 lt
934 3811 1095 3860 hircis
1126 3799 1339 3883 ψᾱῑιιπ
1525 3811 1757 3859 enutriri
1798 3809 1915 3865 πώ
2115 3824 2171 3859 11
2215 3810 2421 3859 femine
2451 3821 2499 3882 γ
2695 3824 2754 3858 12
2791 3809 2890 3859 bu-

650 3903 868 3949 matum
899 3899 1023 3953 S¹A¹
1055 3900 1371 3949 ebimatum
1401 3899 1436 3952 b
1668 3900 2031 3964 expleuerunt
2060 3899 2112 3953 R
2141 3899 2472 3964 expluerunt
2503 3898 2606 3953 SA¹
2638 3899 2894 3964 expleue-

648 3989 761 4038 rint
786 3989 962 4061 γ(εκσ.
992 3978 1203 4062 ιι)ψοο1
1389 3988 1562 4053 polles
1587 3988 1692 4043 SA¹
1719 3989 1866 4053 peles
1892 3991 1926 4043 ὁ
2146 4003 2206 4053 13
2243 3986 2674 4053 pulcritudinem
2704 3987 2894 4042 dh¹wo

862 4079 1042 4142 pretio
1074 4079 1279 4127 maiore
1301 4091 1331 4132 ο
1575 4079 1758 4143 precio
1779 4076 2129 4140 gsiiwxyssnrt
2366 4077 2470 4127 alie
2494 4077 2588 4126 illa
2613 4087 2678 4130 ω

649 4167 1030 4232 mergantibus
1052 4167 1107 4221 S¹
1132 4167 1547 4216 merchantibus
1572 4182 1659 4221 ew
1843 4182 1904 4230 14
1938 4167 2117 4216 omnis
2141 4165 2228 4221 SA
2412 4180 2471 4232 15
2501 4167 2643 4215 rubo
2668 4180 2814 4231 quae
2837 4166 2890 4220 S¹

864 4256 1253 4305 memineribus
1284 4256 1691 4317 81A1h¹imua¹o
1721 4256 2125 4306 meminerebus
2147 4270 2184 4317 y
2215 4271 2302 4305 me
2328 4270 2380 4304 u.
2409 4260 2489 4319 sp.
2517 4270 2558 4303 r.
2591 4253 2677 4309 wi,

649 4361 717 4398 ne
752 4348 833 4408 ut]
870 4360 978 4394 neu
1007 4358 1037 4398 r
1060 4347 1249 4408 ut(om.
1278 4347 1466 4408 ne)am
1653 4350 1712 4396 16
1746 4350 1967 4409 tegmen
1991 4343 2093 4400 eu
2116 4348 2406 4409 tergumen
2438 4359 2495 4398 m
2524 4342 2817 4409 tegumeta
2837 4355 2889 4396 π

863 4435 933 4487 ad
969 4435 1006 4499 ῥ’
1045 4447 1079 4496 5
1116 4450 1189 4500 sq.
1230 4438 1308 4498 cfr
1339 4436 1477 4485 Pan.
1513 4436 1642 4485 XII
1677 4448 1800 4497 135
1834 4451 1905 4500 sq.
2053 4449 2154 4484 nec
2191 4449 2290 4484 om.
2332 4449 2384 4483 u.
2424 4449 2467 4483 s,
2506 4449 2548 4484 r.
2587 4447 2627 4486 n
2663 4436 2814 4497 netq:
2850 4446 2890 4485 x
