3109 5559
1691 318 2065 366 PRAEFATIO

824 499 1010 564 9,9,7
1039 484 1280 561 agmen]
1312 501 1565 543 examen
1594 482 1694 542 uel
1720 500 1938 560 agmen
1963 487 2184 559 xiionx
2212 486 2278 542 et
2306 481 2405 543 ed.
2437 500 2532 561 pr.

826 590 1032 651 Valde
1092 589 1324 652 dubito
1386 589 1705 651 certiusne
1762 587 1965 668 possit
2021 587 2436 649 determinari
2497 606 2627 667 qua

731 696 948 758 editio
994 695 1289 775 princeps
1332 714 1481 757 cum
1525 695 1855 757 codicibus
1899 694 2358 756 recentioribus
2394 694 2670 756 coniunc

830 802 1053 865 Editio
1116 802 1418 875 secunda,
1495 820 1691 881 opera
1754 807 1822 862 et
1885 801 2190 881 impensis
2255 801 2545 862 Barthol.
2615 800 2670 860 B

730 909 1047 981 Bruschi,
1098 908 1280 987 Regii
1326 908 1505 987 1482,
1551 907 1730 969 haud
1772 907 2053 969 multum
2098 907 2181 968 ab
2226 907 2507 969 editione
2552 907 2671 986 pri1

728 1021 988 1095 crepat,
1027 1015 1141 1077 sed
1173 1015 1241 1075 in
1277 1015 1562 1076 editione
1597 1034 1638 1076 a
1668 1013 1784 1075 Ph.
1826 1013 2141 1075 Beroaldo
2177 1020 2422 1086 curata,
2458 1013 2671 1075 Bonor

730 1128 970 1184 textus
1013 1121 1262 1201 aliquot
1305 1121 1460 1183 locis
1504 1121 1885 1183 emendatus
1929 1126 2027 1182 est
2076 1120 2230 1201 (u.e.
2278 1140 2369 1200 gr.
2418 1120 2589 1192 8,11‚
2604 1136 2663 1196 3;

727 1228 982 1309 9,1‚3);
1021 1227 1180 1289 nihil
1216 1228 1345 1289 fere
1378 1227 1531 1289 noui
1552 1227 1866 1289 editiones
1887 1226 2069 1305 Regii
2092 1226 2271 1306 1496,
2293 1226 2447 1288 ibid.
2476 1244 2655 1306 1499,

746 1348 914 1413 1504
945 1335 1276 1396 confectae
1309 1334 1664 1396 continent.
1706 1333 1885 1394 Alios
1916 1333 2165 1395 codices
2201 1332 2336 1412 (sed
2364 1333 2572 1394 solum
2606 1333 2672 1395 fa

729 1441 1017 1503 editioni
1053 1440 1329 1502 Aldinae
1370 1441 1565 1520 (anno
1604 1453 1763 1519 1514
1799 1439 1976 1520 typis
2010 1440 2308 1520 scriptae)
2351 1439 2671 1501 fundame1

730 1548 1165 1610 manifestum
1197 1553 1316 1619 est,
1347 1566 1514 1627 quae
1540 1546 1739 1608 etiam
1769 1552 2024 1608 textum
2052 1545 2243 1608 ualde
2269 1546 2671 1607 emendaturr.

736 1654 1010 1716 Ceterae
1048 1653 1360 1716 editiones
1398 1654 1629 1732 dignae
1667 1672 1829 1733 quas
1867 1652 2282 1714 nominemus
2319 1658 2472 1714 sunt
2512 1653 2576 1731 J.
2621 1653 2671 1712 M

745 1760 1045 1842 (Lipsiae
1088 1774 1242 1840 1735
1284 1766 1349 1822 et
1388 1758 1588 1823 editio
1626 1778 1798 1821 noua
1839 1775 1996 1839 1773
2035 1778 2076 1820 a
2115 1760 2176 1838 J.
2218 1759 2295 1819 A.
2339 1759 2612 1820 Ernesto
2651 1778 2671 1820 <

741 1868 811 1946 J.
868 1867 943 1928 G.
995 1866 1380 1938 Schneideri,
1433 1865 1697 1945 Lipsiae
1747 1883 1926 1945 1794,
1978 1865 2058 1926 de
2104 1884 2378 1944 quarum
2428 1865 2671 1927 meritis

739 1972 992 2052 optime
1024 1973 1354 2034 Haussner
1374 1992 1477 2053 op.
1503 1973 1679 2034 laud.
1718 1971 1955 2051 passim
1978 1971 2294 2033 disseruit.
2320 1972 2560 2033 Gesner
2579 1977 2671 2032 et:

732 2078 1033 2142 codicem
1081 2080 1139 2140 A
1188 2099 1316 2141 non
1365 2083 1824 2158 cognouerunt,
1875 2084 1942 2140 et
1988 2077 2305 2139 lectiones
2352 2077 2588 2139 codicis
2637 2078 2671 2138 S

731 2186 1123 2248 collationes
1165 2186 1450 2258 mutilaS,
1496 2203 1894 2265 quamquam
1938 2184 2288 2246 Schneider
2329 2184 2607 2264 pretium
2652 2204 2671 2244 1

731 2291 990 2354 codicis
1028 2293 1070 2354 S
1110 2292 1352 2371 primus
1391 2292 1720 2353 intellexit
1762 2291 1848 2371 (u.
1891 2291 2356 2371 praefationem
2394 2296 2551 2352 tom.
2595 2290 2660 2351 II

738 2417 893 2479 pag.
939 2415 1012 2475 13
1053 2398 1199 2479 sq.).
1244 2399 1505 2479 Quanto
1544 2398 1645 2459 his
1687 2397 1867 2459 libris
1908 2402 2191 2478 praestet
2231 2396 2430 2459 editio
2461 2397 2671 2458 Lunds

740 2504 926 2567 omni
956 2505 1085 2567 fere
1114 2505 1286 2566 linea
1313 2505 1538 2566 elucet.

834 2735 912 2796 In
941 2736 1062 2797 hac
1081 2734 1361 2797 editione
1379 2735 1824 2816 praeparanda
1843 2735 2082 2796 multos
2100 2733 2552 2814 benignissime
2570 2753 2671 2795 me

749 2848 943 2922 grato
970 2842 1187 2903 animo
1215 2842 1549 2914 confiteor,
1578 2842 1647 2903 in
1676 2840 1897 2921 primis
1924 2842 2060 2902 hos:
2093 2840 2157 2918 J.
2189 2841 2559 2920 Svennung,
2593 2859 2670 2919 pr

742 2948 1146 3010 ordinarium
1191 2947 1446 3027 linguae
1492 2947 1765 3009 Latinae
1811 2946 2269 3027 Vpsaliensem,
2311 2947 2502 3008 huius
2533 2947 2670 3008 edit

740 3054 1088 3116 citatorem
1109 3060 1175 3116 et
1194 3054 1659 3133 instigatorem,
1687 3054 1754 3114 in
1775 3054 1956 3115 cuius
1973 3053 2313 3115 seminario
2331 3054 2540 3115 multa
2566 3053 2645 3114 de
2665 3067 2671 3100 ⁸

742 3161 966 3232 didici:
1005 3161 1078 3222 T.
1102 3160 1399 3240 Kleberg,
1430 3161 1827 3240 praefectum
1851 3159 2280 3222 bibliothecae
2303 3159 2671 3221 uniuersitai

744 3267 920 3329 ensis
942 3303 1025 3312 —
1052 3287 1184 3348 quo
1205 3267 1729 3346 inuestigationis
1752 3267 1892 3328 loco
1915 3267 2131 3328 nullus
2154 3272 2368 3346 potest
2392 3266 2663 3327 inueniri

744 3374 1193 3454 editoremque
1214 3373 1606 3435 collectionis
1625 3373 2019 3453 scriptorum
2036 3379 2328 3435 ueterum
2341 3372 2671 3452 Vpsaliens

756 3486 825 3542 et
851 3481 1123 3560 collegas
1156 3481 1236 3541 N.
1263 3479 1338 3541 Ο.
1362 3480 1617 3541 Nilsson
1642 3485 1709 3541 et
1731 3480 1808 3540 A.
1837 3469 2204 3551 OnnerforS,
2234 3498 2508 3559 quorum
2532 3499 2671 3541 cura

748 3585 933 3649 tione
965 3588 1176 3648 multa
1205 3586 1431 3666 inepta
1461 3586 1761 3648 omittere
1795 3586 2000 3665 potui.
2039 3585 2373 3648 Postremo
2406 3586 2528 3648 hoc
2561 3586 2671 3647 locs

753 3694 1141 3755 morandum
1208 3698 1306 3755 est
1372 3712 1479 3754 eos
1545 3692 1657 3772 qui
1723 3692 2153 3756 bibliothecae
2211 3692 2671 3771 Gotoburgensi

834 3964 855 3996 ²
891 3963 1000 4015 Cfr.
1030 3964 1096 4014 A.
1125 3964 1288 4022 Dain,
1318 3964 1423 4014 Les
1449 3964 1799 4021 manuscrits,
1829 3963 1984 4013 Paris
2015 3977 2169 4026 1949,
2196 3978 2252 4029 p.
2284 3977 2401 4026 147:
2431 3978 2523 4014 ι...
2553 3977 2625 4013 on
2651 3978 2671 4012 r

746 4067 864 4117 que
887 4054 1001 4103 tres
1023 4057 1304 4103 rarement
1328 4054 1406 4103 1oe
1431 4054 1764 4102 manuscrits
1788 4053 1887 4117 qui
1911 4056 2013 4102 ont
2036 4052 2183 4101 serui
2207 4066 2322 4101 aux
2343 4052 2640 4117 premieres
2664 4070 2671 4097 ι

744 4155 896 4208 pour
914 4142 1056 4191 ainsi
1076 4142 1194 4191 dire
1213 4142 1416 4206 jamnis
1437 4142 1630 4206 quand
1653 4142 1692 4190 il
1711 4141 1879 4206 s'agit
1899 4141 1996 4191 doe
2018 4140 2257 4192 editions
2279 4141 2647 4191 incunables.»
2668 4141 2671 4147 “

733 4230 988 4289 Stahlin,
1024 4230 1529 4288 Editionstechuik,
1569 4243 1721 4293 1914,
1754 4244 1809 4295 p.
1850 4231 1931 4279 16.

441 4973 2671 5391 -·.·
