3109 5559
1461 334 1561 376 REI
1608 333 1914 376 RVSTchE
1961 333 2074 376 LIB.
2127 333 2188 376 xl

697 497 1228 558 incrementum.
1325 495 1567 557 deinde
1633 508 1784 557 ante
1850 515 2046 575 quam
2105 493 2355 557 caulem
2416 493 2511 556 sac

699 599 1011 664 uiridem
1059 601 1473 682 superficiem
1522 603 1894 683 intorquere
1928 614 1995 664 et
2028 602 2093 663 in
2125 613 2363 664 terram
2398 620 2513 680 pro

700 708 977 782 ueniet,
1028 729 1159 789 quo
1200 710 1487 771 uastiora
1518 710 1739 789 capita
1771 708 1946 771 fiant.
2009 707 2385 789 regionibus
2418 715 2517 769 aut

704 827 1040 878 neutrum
1107 815 1335 877 horum
1408 835 1526 896 per
1590 826 1969 878 autumnum
2035 816 2161 879 seri
2227 815 2446 887 debet,
2507 834 2519 876 1

635 955 677 1001 5
706 936 1041 1002 ternpore
1089 933 1614 1002 corrumpuntur;
1667 924 1845 1004 quod
1897 922 2029 985 fere
2077 942 2302 984 mense
2350 922 2523 984 Ianuz

709 1043 794 1093 et
869 1029 1114 1090 idcirco
1176 1029 1426 1110 frigidis
1482 1028 1646 1092 locis
1694 1041 1953 1110 tempus
1998 1031 2318 1110 optimum
2366 1040 2468 1090 est
2514 1049 2525 1090 a

711 1138 965 1219 picum
1015 1137 1305 1217 ponendi
1353 1138 1526 1198 circa
1575 1137 1728 1199 Idus
1762 1137 2080 1217 praedicti
2115 1136 2374 1198 mensis,
2448 1155 2527 1196 sei

711 1242 847 1306 uel
915 1263 1334 1305 conseremus
1396 1242 1497 1305 uel
1562 1244 1688 1305 iam
1750 1254 2000 1306 matura
2048 1244 2111 1304 in
2161 1241 2521 1306 tabulatum

712 1349 1174 1422 seruabimuS,
1225 1362 1295 1412 ut
1341 1350 1420 1412 iis
1465 1350 1663 1423 horiS,
1713 1349 1949 1431 quibus
1995 1361 2105 1412 aut
2143 1349 2533 1411 obruentur:

616 1489 689 1521 10
717 1458 901 1520 luna
949 1456 1111 1518 infra
1158 1470 1394 1520 terram
1442 1458 1543 1520 sit.
1620 1477 1772 1519 nam
1819 1458 1913 1519 sic
1961 1468 2104 1519 sata
2151 1469 2217 1518 et
2266 1477 2481 1518 rursus
2526 1477 2537 1516 a

716 1565 887 1627 dita
952 1564 1406 1626 existimantur
1472 1584 1686 1645 neque
1753 1564 2047 1625 acerrimi
2112 1564 2366 1645 saporis
2425 1582 2539 1625 exs

720 1669 1196 1734 mandentium
1247 1670 1483 1733 halitus
1531 1671 1893 1733 inodorare,
1958 1669 2139 1732 multi
2187 1681 2404 1732 tamen
2453 1671 2539 1732 ha

720 1778 982 1841 lendas
1042 1777 1373 1840 Ianuarias
1421 1778 1655 1840 mediis
1699 1777 1934 1839 diebus
1980 1789 2202 1839 serunt
2250 1796 2473 1840 mense
2521 1776 2545 1838 l

721 1882 917 1947 caeli
964 1896 1153 1964 tepor
1199 1895 1264 1946 et
1311 1886 1473 1946 situs
1519 1895 1730 1946 terrae
1778 1885 2115 1964 permittit.

630 2021 699 2065 15
969 1991 1284 2063 Brassica,
1335 2011 1483 2052 cum
1526 2011 1648 2052 sex
1681 1989 1978 2052 soliorum
2011 1992 2150 2064 erit,
2186 1990 2514 2053 transferri
2545 2020 2551 2046 ι

728 2099 944 2161 radix
991 2099 1128 2160 eius
1175 2096 1424 2179 liquido
1472 2097 1629 2160 fimo
1680 2098 1854 2179 prius
1901 2097 2082 2159 inlita
2127 2108 2194 2159 et
2243 2096 2532 2158 inuoluta

730 2203 1056 2267 taeniolis
1104 2216 1441 2285 pangatur.
1494 2205 1658 2266 haec
1707 2206 1878 2266 enim
1930 2224 2031 2266 res
2077 2203 2294 2278 efficit,
2330 2205 2496 2266 utin
2529 2223 2557 2265 c

730 2315 885 2374 rius
936 2312 1271 2373 madescat
1316 2324 1381 2373 et
1429 2311 1701 2373 uiridem
1751 2310 2036 2373 colorem
2085 2312 2225 2373 sine
2257 2312 2426 2373 nitro
2460 2331 2560 2373 coi

733 2431 975 2481 autem
1025 2417 1274 2498 frigidis
1320 2431 1385 2480 et
1437 2417 1671 2499 pluuiis
1704 2419 2082 2498 regionibus
2116 2420 2357 2499 positio
2390 2419 2529 2480 eius

634 2549 711 2581 20
734 2527 913 2588 Idus
961 2524 1252 2605 Apriles;
1304 2527 1485 2587 cuius
1532 2525 1886 2606 depressae
1937 2525 2199 2605 plantae
2240 2546 2388 2588 cum
2421 2536 2565 2588 tenu

738 2649 891 2695 turn
945 2629 1239 2692 holitoris
1286 2633 1450 2694 ratio
1483 2634 1743 2712 patitur,
1779 2633 2041 2711 saepius
2073 2645 2247 2694 sarta
2278 2646 2344 2695 et
2376 2644 2567 2694 stete(

738 2737 1162 2802 conualescit
1233 2738 1669 2820 pleniorisque
1740 2741 2122 2801 incrementi
2182 2752 2249 2801 et
2308 2738 2568 2801 coliculi

739 2866 1041 2927 cymam,
1117 2846 1409 2909 nonnulli
1441 2846 1611 2908 hanc
1644 2846 1922 2908 eandem
1956 2844 2116 2907 locis
2148 2846 2569 2926 apricioribus

744 2955 1013 3016 Martiis
1044 2955 1409 3033 deponunt;
1451 2953 1571 3015 sed
1605 2955 1812 3015 maior
1846 2973 1994 3034 pars
2026 2954 2165 3014 eius
2198 2954 2261 3015 in
2295 2973 2558 3032 cymam

646 3079 718 3125 25
743 3074 995 3140 postea
1042 3061 1381 3123 hibernum
1430 3059 1683 3122 caulem
1731 3059 2018 3140 amplum
2071 3060 2244 3132 facit,
2299 3079 2448 3121 cum
2496 3079 2567 3120 es

742 3181 959 3230 secta.
1022 3169 1235 3248 possis
1268 3179 1487 3230 autem
1518 3167 1624 3229 uel
1658 3168 1983 3229 maximos
2015 3166 2234 3230 caules
2269 3166 2369 3229 bis
2401 3177 2569 3229 trans

740 3277 799 3336 si
832 3274 1058 3350 facias,
1088 3273 1232 3354 plus
1255 3275 1521 3336 seminis
1545 3284 1612 3335 et
1637 3276 1900 3336 maioris
1926 3274 2306 3335 incrementi
2335 3274 2569 3354 praebe

946 3451 963 3482 1
1008 3436 1195 3484 iaciant
1231 3440 1274 3485 Β
1312 3437 1504 3484 iaciunt
1540 3437 1687 3484 SAab
1848 3452 1877 3482 a
1918 3431 2287 3499 sups‘l'f'lficiem
2328 3437 2362 3483 S
2521 3453 2569 3496 01

742 3529 778 3572 6
821 3526 1001 3572 allium
1040 3530 1083 3574 B
1261 3541 1295 3585 9
1334 3533 1390 3573 ut
1426 3526 1505 3572 his
1542 3526 1687 3572 horis
1726 3528 1758 3573 S
1805 3534 1860 3572 ut
1898 3526 1977 3573 his
2017 3527 2143 3573 locis
2181 3528 2266 3575 AB
2304 3533 2360 3573 ut
2396 3526 2457 3573 iis
2497 3526 2568 3571 loc

744 3632 898 3679 horis
941 3637 985 3678 et
1017 3640 1252 3679 -ruentur
1291 3648 1489 3688 rasura,
1530 3634 1583 3679 in
1624 3649 1725 3694 qua
1763 3606 1852 3698 (ib.
1892 3640 1978 3680 aut
2018 3633 2086 3679 ob
2112 3648 2204 3679 scr.
2235 3626 2312 3678 »η’
2336 3635 2370 3680 8
2525 3648 2569 3679 1<

745 3721 853 3768 dita
897 3736 938 3769 a
993 3721 1101 3768 fere
1140 3721 1343 3769 condita
1382 3724 1455 3770 SA
1509 3722 1582 3769 sic
1633 3723 1896 3770 recondita
1936 3726 1978 3771 B
2166 3737 2218 3767 11
2262 3723 2563 3785 estimantur

748 3811 964 3870 saporis
998 3835 1053 3842 ——
1090 3811 1297 3858 odorari
1336 3827 1438 3857 om.
1479 3814 1517 3859 A
1666 3812 1892 3859 existere
1929 3812 2007 3859 SR.
2167 3826 2224 3857 12
2265 3811 2415 3858 alitus
2453 3815 2496 3860 R

746 3900 969 3948 odorari
1006 3901 1039 3946 S
1076 3900 1291 3947 inodare
1326 3914 1357 3948 c
1394 3901 1668 3948 moderare
1707 3915 1776 3959 ap
1927 3914 1985 3958 13
2027 3899 2106 3946 ian
2147 3901 2186 3947 A
2339 3902 2399 3946 16
2443 3900 2566 3946 illita

748 3987 895 4036 inlita
936 3989 1081 4037 &iam
1121 3989 1295 4036 uoluta
1332 3991 1366 4037 S
1404 3990 1541 4036 inlita
1581 3990 1684 4036 etia
1721 3991 1898 4037 uoluta
1936 3992 1974 4037 A
2015 3989 2153 4036 inlita
2191 3996 2241 4036 et
2271 3990 2448 4036 uoluta
2485 4003 2521 4036 a

944 4093 1014 4125 20
1052 4076 1172 4137 apri
1208 4081 1242 4125 S
1287 4078 1462 4138 aprilis
1501 4080 1540 4126 A
1590 4094 1698 4139 apr.
1738 4080 1819 4125 uel
1853 4079 2028 4137 aprilis
2067 4081 2110 4126 R
2364 4085 2569 4125 tenuera

752 4167 939 4215 eadem
981 4169 1020 4215 A
1201 4182 1266 4226 25
1307 4167 1482 4214 caules
1519 4183 1560 4214 s.
1600 4184 1649 4214 u.
1690 4167 1810 4214 add.
1851 4160 1928 4212 m²
1965 4169 1998 4214 S
2180 4171 2246 4214 26
2286 4166 2531 4215 transfert

752 4270 844 4303 scr.
888 4275 960 4304 m.
1003 4255 1113 4310 rec.)
1148 4259 1187 4305 A
1371 4273 1435 4317 27
1479 4257 1637 4304 facias
1678 4258 1712 4312 (i
1753 4259 1805 4304 in
1846 4273 1946 4303 ras.
1988 4249 2085 4306 ηιξ)
2125 4259 2159 4304 S

864 4355 1140 4398 Columella
1197 4354 1289 4399 vlt.
