3109 5559
604 891 989 957 TERTIVS
1019 892 1293 957 LIBER
1319 890 1574 956 HAEC
1607 890 2092 957 CONTINET

533 1157 588 1222 I.
637 1156 838 1232 Quod
867 1178 1075 1242 genus
1104 1155 1260 1222 uitis
1287 1155 1641 1222 conueniat
1669 1156 1908 1242 cuique
1938 1155 2079 1222 solo
2109 1168 2176 1222 et
2204 1155 2403 1221 statui
2432 1157 2610 1223 caeli.

495 1263 586 1329 II.
635 1262 821 1338 Quae
852 1261 1022 1329 uites
1051 1261 1448 1329 suburbanis
1478 1262 1857 1349 regionibus
1886 1262 1971 1328 ad
2001 1283 2218 1328 escam
2247 1263 2689 1331 conserendae

635 1382 810 1436 sunt.

447 1476 584 1541 III.
633 1474 819 1551 Quae
849 1475 1019 1541 uites
1048 1474 1418 1542 diffusionis
1447 1496 1644 1541 causa
1671 1474 2121 1562 deponendae.

469 1581 586 1647 IV.
634 1581 926 1647 Nomina
983 1594 1049 1648 et
1107 1582 1452 1668 qualitates
1509 1582 1732 1648 minus
1788 1594 1902 1648 aut
1959 1581 2166 1668 magis
2223 1603 2690 1667 generosarum

635 1702 896 1754 uitium.

509 1794 588 1859 V.
639 1793 1194 1881 Disputationem‚
1247 1816 1380 1881 qua
1426 1794 1754 1882 colligitur
1802 1793 1964 1861 nihil
2015 1794 2274 1861 rusticis
2323 1795 2529 1881 magis
2578 1818 2691 1862 ex-

635 1901 862 1988 pedire
893 1923 1094 1987 quam
1123 1901 1351 1967 uineas
1381 1901 1614 1967 colere.

469 2007 586 2073 VI.
637 2007 980 2083 Quantum
1014 2008 1248 2075 debeat
1280 2007 1562 2094 agricola
1592 2030 1673 2073 ex
1707 2008 2006 2095 deposito
2040 2007 2340 2074 malleolo
2373 2008 2687 2094 redigere.

426 2114 587 2180 VII.
639 2113 980 2189 Quantum
1010 2114 1080 2180 in
1109 2114 1364 2200 singula
1395 2115 1618 2201 iugera
1646 2114 1787 2180 uini
1816 2114 2048 2181 facere.

382 2221 585 2287 VIII.
636 2219 819 2296 Quot
848 2220 1071 2307 iugera
1099 2220 1335 2287 debeat
1363 2243 1538 2287 unus
1569 2221 1814 2287 uinitor
1843 2221 2075 2287 colere.

473 2328 593 2393 IX.
644 2326 840 2402 Quali
869 2326 1009 2394 solo
1039 2342 1105 2394 et
1135 2327 1473 2414 quomodo
1502 2327 1838 2393 uitiarium
1867 2327 2254 2393 faciundum
2283 2327 2386 2395 sit.

501 2433 587 2499 X.
638 2432 868 2508 Qualis
895 2447 962 2499 et
988 2456 1068 2499 ex
1096 2433 1340 2519 quibus
1367 2433 1666 2520 partibus
1691 2434 1847 2500 uitis
1875 2434 2214 2500 malleolus
2241 2433 2557 2520 legendus
2585 2433 2689 2501 sit.

463 2540 587 2605 XI.
639 2539 996 2614 Quomodo
1026 2539 1498 2606 fecunditatem
1528 2539 1685 2606 uitis
1713 2540 2033 2628 explores.

427 2645 589 2712 XII.
641 2645 998 2721 Quomodo
1021 2645 1382 2712 Aminneas
1410 2646 1638 2712 uineas
1667 2646 1914 2712 feraces
1943 2646 2161 2713 facias.

386 2753 587 2818 XIII.
639 2751 826 2827 Quae
862 2753 1253 2840 spectandae
1290 2752 1422 2819 sint
1459 2752 1803 2839 qualitates
1839 2753 1908 2818 in
1945 2774 2024 2818 eo
2060 2753 2221 2833 s010‚
2262 2754 2445 2840 quod
2482 2752 2695 2819 uineis

641 2858 1091 2924 destinaueris.

402 2965 587 3031 XIV.
641 2963 997 3039 Quomodo
1027 2979 1199 3031 terra
1228 2966 1611 3051 pastinetur.

440 3071 587 3137 XV.
639 3070 824 3145 Quot
854 3071 1070 3138 modis
1102 3071 1257 3138 uitis
1289 3087 1574 3159 ponatur
1604 3086 1717 3140 aut
1748 3073 1818 3137 in
1849 3072 2208 3158 prouinciis
2240 3087 2352 3139 aut
2383 3073 2453 3138 in
2487 3072 2692 3139 Italia.

405 3178 590 3244 XVI.
642 3178 994 3245 Meliorem
1023 3201 1163 3245 esse
1193 3178 1590 3266 positionem
1619 3178 1942 3265 pastinato
1972 3178 2113 3244 solo
2144 3201 2345 3265 quam
2373 3179 2442 3243 in
2472 3178 2697 3245 nouali

641 3284 831 3351 factis
859 3285 1205 3352 scrobibus
1234 3298 1347 3352 aut
1375 3285 1593 3352 sulcis.

365 3392 589 3458 XVII.
640 3391 827 3467 Quae
857 3414 1164 3458 mensura
1193 3392 1564 3479 pastinandi
1594 3392 1718 3459 soli
1746 3392 1960 3459 uineis
1989 3392 2254 3458 abunde
2285 3392 2388 3458 sit.

332 3499 595 3565 XVIII.
646 3498 1231 3574 Quemadmodum
1282 3513 1347 3565 et
1399 3499 1645 3586 quibus
1695 3499 2107 3586 temporibus
2160 3501 2561 3566 conserenda
2614 3499 2700 3566 sit

643 3605 819 3671 uitis.

317 3835 523 3888 Titulus
575 3836 624 3887 L
673 3836 867 3899 (Liber
899 3834 1017 3898 Ah)
1058 3835 1183 3889 Iuni
1222 3836 1498 3889 Moderati
1536 3835 1874 3889 Columellae
1911 3836 1988 3889 rei
2024 3836 2257 3888 rusticae
2293 3837 2433 3889 liber
2469 3847 2697 3900 quartus

248 3926 533 3977 surcularis
563 3925 715 3989 prior
743 3923 1091 3990 SAhM'ryco

307 4014 714 4079 Argumentum:
754 4013 958 4066 mabrica
998 4013 1241 4073 Quartus
1268 4014 1406 4067 liber
1432 4015 1566 4066 haec
1593 4014 1835 4067 continet
1857 4025 1942 4079 pr.
1971 4012 2229 4078 sAhbya
2262 4040 2302 4050 -
2334 4031 2568 4066 numeros
2596 4031 2694 4066 om.

245 4097 298 4162 ir
318 4113 437 4167 post
459 4114 573 4167 pos.
608 4117 678 4154 m
711 4129 750 4139 -
786 4118 817 4155 a
847 4102 1155 4155 consendae
1184 4103 1245 4154 S¹
1280 4130 1318 4139 -
1352 4103 1462 4155 sint
1488 4117 1523 4168 ρ
1559 4130 1597 4139 -
1633 4119 1663 4166 3
1691 4113 1809 4167 post
1838 4102 2196 4167 deponendae
2220 4103 2342 4155 add.
2368 4114 2497 4155 sunt
2522 4102 2566 4154 h
2589 4104 2699 4156 sint

246 4186 446 4258 inpya
479 4218 519 4228 -
556 4208 585 4256 5
621 4192 836 4243 rusticis
854 4191 1025 4263 γ(1ἰό.
1044 4192 1136 4243 XI
1141 4209 1160 4244 .·
1178 4190 1341 4253 SAR)
1361 4192 1592 4243 rusticos
1612 4191 1754 4243 SAR
1786 4218 1825 4228 -
1860 4201 1983 4243 ante
2000 4191 2177 4243 colere
2197 4192 2319 4244 add.
2341 4203 2395 4243 et
2413 4190 2629 4257 himyo
2665 4218 2702 4228 -

254 4278 282 4329 6
308 4281 1161 4345 hocetsequeminmmmconscr.
1186 4280 1328 4332 SAR
1362 4305 1399 4315 -
1435 4279 1754 4344 8quodSA
1786 4306 1825 4316 -
1867 4281 2271 4345 xopatribusA
2303 4307 2341 4316 -
2374 4281 2628 4334 sitom.S
2662 4308 2701 4318 -

258 4384 313 4423 12
343 4370 604 4424 Amineas
633 4369 738 4421 AR
772 4396 810 4405 -
845 4370 1032 4422 uineas
1063 4370 1154 4422 SA
1184 4370 1324 4421 uites
1355 4369 1407 4420 R
1437 4368 1545 4432 (lib.
1576 4368 1691 4442 XJ:
1721 4369 1885 4433 SAR)
1921 4396 1960 4406 -
2001 4386 2065 4433 14
2095 4370 2368 4434 pastintur
2396 4369 2533 4422 s¹A¹
2569 4395 2606 4405 -
2637 4386 2697 4434 ις

254 4460 397 4523 quod
419 4459 536 4512 S¹A
569 4485 608 4495 -
650 4459 713 4511 16
736 4459 933 4510 melior
957 4458 1132 4511 inesse
1154 4458 1228 4510 Α*
1263 4484 1303 4494 -
1336 4457 1739 4522 possessionem
1762 4458 1853 4511 SA
1887 4485 1925 4494 -
1960 4459 2087 4511 facti
2112 4458 2203 4511 SA
2237 4484 2275 4493 -
2316 4458 2378 4509 18
2403 4458 2701 4510 consendia
