3109 5559
1538 301 1614 309 —
1664 277 1792 324 vll!
1841 300 1924 309 —-

620 467 993 524 LANGLETUS
1039 484 1208 523 meus
1253 485 1309 522 a.
1366 467 1521 539 1896
1567 464 1908 523 Mediolani
1959 485 2230 523 uersans.
2319 468 2418 525 Ad
2463 481 2840 544 postremum

619 587 802 625 curae
848 565 993 625 mihi
1041 579 1189 636 erat,
1236 579 1299 624 ut
1346 565 1501 625 inter
1532 565 1938 625 recentiorum
1971 566 2254 626 codicum
2285 569 2524 627 turbam
2558 569 2842 628 meliores

620 668 1054 746 indagarentur
1098 679 1157 727 et
1203 667 1261 725 in
1310 666 1682 727 recensionis
1721 687 1894 725 usum
1927 667 2108 727 etiam
2140 669 2458 728 deterioris
2490 683 2671 729 notae
2703 669 2842 728 libri

620 768 1135 832 examinarentur:
1193 770 1273 827 ad
1337 788 1521 844 quam
1583 788 1708 828 rem
1755 770 2215 844 adsequendam
2263 791 2372 847 per
2417 783 2536 830 tres
2581 783 2844 831 aestates

620 870 1029 930 bibliothecas
1074 870 1287 930 Italiae
1334 869 1714 948 perlustraui.

820 975 1143 1033 Praeterea
1188 974 1266 1032 de
1314 972 1481 1032 libris
1526 992 1710 1031 manu
1757 971 1994 1049 scriptis
2039 974 2332 1033 hocloco
2365 974 2628 1033 breuiter
2659 996 2849 1052 agere

620 1074 781 1144 licet,
814 1073 1169 1151 praesertim
1202 1094 1341 1132 cum
1373 1087 1432 1133 et
1458 1075 1910 1132 Hancssmzncs
1932 1075 2010 1133 de
2042 1073 2112 1133 iis
2141 1074 2372 1151 optime
2397 1075 2794 1152 disputauerit
2831 1071 2850 1107 ¹

620 1189 679 1236 et
724 1190 862 1254 post
907 1196 1045 1236 eum
1093 1176 1220 1253 ipse
1267 1174 1664 1253 conpluribus
1711 1174 1861 1233 locis
1906 1174 2053 1250 quid
2099 1177 2179 1235 de
2209 1177 2589 1236 Columellae
2621 1176 2850 1236 codici—

620 1281 732 1338 bus
779 1278 1066 1338 sentirem
1112 1276 1495 1355 exposuerim
1518 1271 1563 1335 ².

824 1381 905 1440 Hi
962 1391 1164 1439 autem
1216 1391 1355 1439 sunt
1407 1378 1673 1448 codices»,
1731 1399 1886 1456 quos
1939 1381 2018 1438 ad
2064 1380 2225 1439 hanc
2272 1380 2605 1440 editionem
2651 1382 2848 1439 confi·

620 1483 902 1543 ciendam
947 1480 1225 1541 adhibui:

822 1599 1539 1678 Sangermanensis
1597 1597 1698 1670 (S)
1751 1620 1912 1658 nunc
1959 1600 2448 1677 Petropolitanus
2498 1619 2610 1676 207
2661 1621 2852 1660 mem·

622 1706 962 1764 branaceus
1009 1705 1112 1762 sol.
1168 1706 1282 1779 138
1329 1723 1487 1762 saec.
1535 1705 1640 1761 IX.

822 1803 1391 1865 Ambrosianus
1444 1805 1494 1861 L
1551 1807 1632 1880 85
1692 1824 1847 1880 sup.
1895 1800 2007 1874 (A)
2052 1806 2556 1864 membranaceus
2587 1806 2689 1863 fol.
2727 1824 2846 1882 ²5²

622 1929 782 1967 saec.
829 1908 1077 1966 lx—x.

826 2010 1168 2069 Codices
1228 2007 1730 2067 recentiores
1775 2006 1886 2078 (B)
1931 2028 2091 2067 saec.
2141 2010 2281 2068 XV:

826 2111 1277 2170 Laurentianus
1306 2111 1460 2186 plut.
1501 2125 1690 2185 5332
1743 2109 1837 2181 (8)
1883 2111 2388 2168 membranaceus
2434 2110 2536 2168 fol.
2594 2126 2724 2183 172.

826 2212 1146 2271 Brcrensis
1212 2212 1535 2269 „lledialatu
1607 2212 1679 2269 A.
1749 2212 1838 2270 D.
1911 2212 2088 2284 X11'4
2155 2209 2248 2280 (b)
2320 2211 2674 2269 chartaceus
2742 2210 2851 2269 sol.

628 2337 750 2376 non
798 2334 962 2374 num.

838 2417 1127 2475 Caesenas
1170 2416 1639 2473 „tlalatestianus
1673 2418 1821 2492 plut.
1873 2432 2016 2488 24‚2
2059 2411 2148 2484 (e)
2193 2414 2696 2473 membranaceus
2742 2413 2847 2471 sol.

630 2523 746 2580 218
794 2528 1034 2595 praeter
1076 2517 1480 2574 Columellam
1513 2516 1696 2576 etiam
1728 2518 2070 2576 Varronem
2095 2527 2153 2575 et
2177 2516 2476 2574 Catonem
2501 2512 2842 2572 continens.

830 2619 1279 2677 Laurentianus
1303 2619 1480 2677 Canu.
1504 2620 1716 2696 Suppr.
1737 2621 1860 2693 285
1877 2614 1970 2689 (tl)
1987 2616 2160 2688 (olim
2179 2619 2237 2676 S.
2258 2618 2342 2674 M.
2360 2616 2596 2674 Novell.
2618 2636 2651 2691 3
2661 2613 2852 2691 50,6).

832 2721 1189 2779 Marcianus
1242 2718 1369 2794 462
1415 2719 1533 2790 (m)
1581 2721 2086 2780 membranaceus
2131 2719 2233 2776 sol.
2282 2721 2401 2793 326
2450 2728 2689 2794 praeter
2731 2715 2854 2775 Co-

632 2824 939 2885 lumellam
986 2824 1328 2882 Varronem
1375 2835 1434 2882 et
1478 2823 1776 2883 Catonem
1825 2820 2167 2881 continenS.

832 2925 1284 2983 Laurentianus
1314 2926 1468 3002 plut.
1510 2922 1669 3002 91‚6
1705 2919 1818 3000 ins.
1867 2921 1960 2997 (q)
2006 2923 2509 2981 membranaceus
2554 2920 2657 2979 sol.
2710 2939 2845 2994 ²34-

834 3027 1439 3086 Laur.·Strozzianus
1482 3025 1566 3104 69
1611 3024 1698 3096 (s)
1745 3026 2102 3083 chartaceus
2146 3024 2248 3082 fol.
2301 3043 2438 3081 201.

852 3130 1094 3188 Urbino·
1118 3130 1435 3188 Vaticanus
1490 3127 1612 3186 260
1654 3125 1749 3198 (u)
1788 3127 2291 3185 membranaceus
2321 3125 2424 3182 sol.
2465 3127 2573 3200 185
2611 3133 2850 3200 praeter

634 3232 1041 3290 Columellam
1093 3230 1291 3290 »Sexti
1341 3228 1731 3307 Phytagorici
1776 3225 2210 3286 Enchiridion»
2262 3223 2599 3284 continens

845 3466 861 3499 ¹
897 3471 941 3531 J.
981 3469 1285 3527 Haussnan,
1328 3467 1421 3515 Die
1458 3466 1662 3514 hdschr.
1702 3454 2091 3522 Uberliet'erung
2127 3462 2220 3509 des
2255 3460 2311 3509 L.
2348 3459 2527 3518 Junius
2563 3458 2854 3507 Moderatus

638 3556 932 3614 Columella,
967 3553 1147 3615 Progr.
1186 3552 1466 3601 Karlsruhe
1508 3552 1649 3608 1889.

844 3655 866 3686 ²
900 3659 990 3706 Csr
1032 3655 1262 3718 inprimis
1305 3651 1777 3702 commentationem
1816 3664 1977 3697 meam
2017 3648 2141 3696 ‘'Ein
2177 3647 2726 3708 Columellaexcerptor
2760 3662 2854 3695 aus

641 3745 755 3793 dem
814 3740 1297 3804 15.Jahrhundert·
1350 3734 1443 3800 (ιτ
1479 3735 1698 3783 Skrifter
1745 3733 1939 3794 utgisna
1986 3732 2045 3781 as
2089 3731 2469 3781 Humanistiska
2513 3731 2854 3792 Vetenskaps·

642 3829 929 3878 samsundet
964 3830 979 3875 i
1017 3825 1206 3887 Upsala
1244 3823 1320 3870 111:
1357 3824 1406 3879 6,
1446 3820 1637 3881 Upsala
1679 3820 1842 3878 1894),
1879 3818 1962 3866 ubi
1999 3818 2309 3865 recentiores
2343 3817 2546 3865 codices
2580 3817 2629 3864 in
2649 3817 2855 3864 ordines

643 3914 875 3976 dispositi
912 3917 1051 3967 sunt5
1090 3917 1193 3957 tum
1230 3908 1380 3954 etiam
1418 3901 1954 3952 commentatiunculas
1989 3917 2129 3950 meas
2169 3901 2592 3949 ‘'Emendationes
2627 3900 2676 3948 in
2711 3899 2856 3949 Colu-

646 3997 870 4047 mellam*
913 3995 1131 4052 (Eranos
1168 3992 1187 4040 1
1223 4006 1338 4052 pag.
1375 3991 1592 4050 38—47,
1638 3990 1921 4047 169—1803
1959 3986 1997 4034 11
2036 4001 2154 4048 pag.
2190 3988 2425 4046 49—58),
2460 3986 2523 4033 ad
2547 3992 2856 4047 postremum

647 4083 913 4131 Lmoum
948 4080 1011 4127 de
1040 4077 1213 4126 codice
1243 4073 1676 4136 Sangermanensi
1695 4073 2054 4121 adnotationes
2075 4071 2293 4128 (Eranos
2313 4070 2332 4118 1
2352 4085 2400 4131 p.
2421 4072 2486 4118 86
2506 4075 2654 4132 sqq.).
2706 4069 2858 4117 Adhi-

640 4161 811 4217 'benda
865 4173 944 4214 est
997 4164 1146 4211 etiam
1201 4161 1559 4210 commentatio
1594 4159 1873 4208 Senmrrn
1919 4159 1982 4205 de
2035 4158 2207 4206 codice
2261 4156 2692 4216 Sangermanensi
2727 4157 2858 4203 inter

649 4251 1100 4302 commentationes
1136 4246 1386 4294 Urlichsio
1423 4244 1685 4293 dedicatos
1722 4244 1910 4292 inserta
1949 4242 2290 4302 (Wirceburgi
2336 4243 2476 4299 1880,
2517 4255 2563 4301 p.
2594 4253 2686 4301 139
2710 4244 2856 4301 sqq.).
