3109 5559
780 690 834 756 I.
879 690 1130 756 Contra
1177 689 1562 776 opinionem
1603 690 1807 756 Attici
1854 703 1922 756 et
1965 689 2143 756 Celsi
2191 712 2327 756 non
2375 712 2516 756 esse
2564 689 2721 756 satis
2768 689 2820 756 a]

882 796 1146 863 scrobes
1176 796 1580 882 bipedaneos
1610 796 1950 863 uineaticis
1980 796 2363 862 seminibuS.

743 903 832 969 II.
882 904 1041 969 Non
1104 902 1406 991 oportere
1469 903 1667 969 unius
1696 898 1699 905 ’
1730 903 2108 969 uiuiradicis
2171 903 2458 969 materiis
2523 903 2691 969 duos
2753 925 2820 989 pa

885 1010 1125 1076 uestire
1185 1010 1302 1076 sed
1363 1009 1618 1096 singula
1677 1009 1929 1076 semina
1988 1008 2261 1096 singulis
2321 1009 2737 1075 adminiculis
2797 1031 2820 1075 ε

886 1116 1383 1183 contribuenda.

707 1222 846 1288 111.
884 1223 1152 1288 Nouam
1173 1222 1609 1289 consitionem
1628 1222 1879 1302 uineae,
1904 1222 2030 1288 nisi
2052 1243 2289 1308 magna
2307 1236 2374 1289 et
2394 1221 2669 1288 adsidua
2684 1222 2822 1289 cult

885 1329 1256 1408 adiuuetur,
1289 1329 1583 1396 celeriter
1612 1329 1896 1395 interire.

722 1435 836 1502 IV.
880 1436 1210 1501 Prosterni
1241 1435 1447 1502 uitem
1477 1435 1546 1501 in
1577 1435 1879 1502 scrobem
1908 1449 1975 1502 et
2004 1449 2413 1502 recuruatam
2444 1457 2654 1522 usque
2685 1435 2769 1501 ab
2800 1435 2821 1500 i

884 1541 1026 1608 solo
1057 1555 1302 1608 rectam
1332 1541 1582 1607 calamo
1612 1542 1924 1628 applicari
1954 1556 2275 1629 oportere.

754 1649 835 1715 V.
877 1649 942 1714 A
988 1647 1350 1715 consitione
1399 1648 1711 1714 omnibus
1759 1648 2099 1715 mensibus
2148 1648 2492 1735 diligenter
2539 1647 2819 1714 fodiend‘

884 1777 1045 1821 esse.

714 1862 832 1928 VI.
881 1862 1041 1928 Non
1098 1884 1238 1928 esse
1297 1862 1871 1942 committendum,
1927 1875 2003 1928 ut
2046 1861 2115 1928 in
2158 1861 2419 1928 nouella
2462 1861 2656 1927 uinea
2698 1860 2819 1927 her‘

883 1983 1251 2035 nascantur.

678 2075 833 2141 VII.
884 2076 986 2141 Ita
1015 2075 1494 2162 pampinandas
1524 2098 1666 2142 esse
1697 2075 2109 2155 uiuiradiceS‚
2143 2088 2219 2141 ut
2249 2075 2333 2141 ad
2364 2096 2567 2140 unam
2598 2074 2820 2140 materi

882 2176 1278 2269 redigantur.

637 2287 830 2354 VIII.
874 2288 1172 2355 Eandem
1201 2288 1765 2375 pampinationem
1796 2287 2112 2354 malleolis
2142 2286 2688 2373 adhibenda<m>.

711 2395 831 2462 IX.
879 2395 1380 2480 Tempestiuam
1419 2395 1981 2482 pampinationem
2017 2416 2179 2474 esse,
2221 2415 2388 2480 quae
2428 2394 2516 2459 ita
2552 2406 2775 2459 tenera
2813 2422 2820 2453 ι

882 2514 959 2567 ut
989 2501 1193 2588 digito
1223 2501 1527 2588 palmites
1557 2500 1745 2567 facile
1778 2501 2159 2568 deiciantur.

748 2608 832 2673 X.
882 2608 1042 2673 Non
1073 2622 1374 2694 oportere
1405 2630 1524 2694 per
1553 2621 1866 2673 aestatem
1896 2606 2060 2677 falce
2089 2606 2440 2694 pampinos
2470 2606 2819 2673 abnodare.

299 2720 312 2757 ἱ
709 2714 832 2779 XI.
878 2715 1002 2780 Per
1039 2727 1434 2779 autumnum
1455 2713 1994 2800 ablaqueandam
2030 2735 2171 2779 esse
2210 2713 2440 2799 utique
2478 2711 2696 2799 primo
2737 2734 2820 2798 qu

885 2820 1176 2906 quennio
1199 2819 1529 2886 nouellam
1551 2820 1816 2886 uineam
1836 2833 1902 2886 et
1924 2833 2073 2885 ante
2095 2818 2402 2885 brumam
2423 2818 2820 2905 coaequanda

672 2927 831 2993 XII.
875 2925 1408 3012 Ablaqueata[m]
1464 2926 1781 3010 uinea[m]
1829 2925 2394 3012 quemadmodum
2438 2924 2720 2991 aestiuae
2764 2946 2820 2990 ra

847 3075 853 3079 -
881 3032 1065 3099 culae
1096 3046 1540 3119 amputentur.

635 3140 832 3206 XIII.
882 3138 1470 3214 Quemadmodum
1500 3139 1761 3205 nouella
1790 3139 1986 3205 uinea
2012 3151 2302 3225 putetur.

652 3246 835 3312 XIV.
885 3244 1089 3320 Quod
1120 3244 1205 3312 sit
1233 3245 1565 3332 optimum
1592 3258 1858 3332 tempus
1887 3245 2186 3332 putandi.

307 3468 320 3505 t
568 3438 797 3492 Titulus.-
819 3440 870 3492 L
891 3440 1013 3503 (om.
1037 3439 1078 3491 S
1098 3449 1153 3491 et
1171 3439 1245 3503 A)
1271 3439 1398 3492 Iuni
1419 3438 1698 3491 Moderati
1720 3438 2059 3492 Columellae
2079 3439 2219 3492 liber
2238 3439 2465 3504 quintus
2485 3439 2715 3492 feliciter
2733 3439 2820 3491 SA

496 3524 619 3579 Iuni
643 3528 923 3581 Moderati
949 3528 1287 3582 Columellae
1313 3529 1391 3581 rei
1415 3529 1648 3581 rusticae
1672 3529 1812 3582 liber
1835 3528 2062 3594 quintus
2087 3529 2282 3593 incipit
2305 3528 2534 3581 feliciter
2556 3543 2670 3593 you
2695 3528 2820 3589 Qui]

495 3616 568 3667 rei
593 3618 824 3670 rusticae
851 3617 1047 3682 incipit
1071 3632 1105 3669 ι·

552 3705 954 3771 Argumentum:
1013 3706 1220 3759 rubrica
1279 3707 1449 3759 Liber
1506 3707 1629 3770 (om.
1680 3707 1746 3771 fi)
1797 3707 2024 3772 quintus
2074 3707 2208 3758 haec
2257 3706 2501 3758 continet
2548 3703 2616 3756 fii
2669 3732 2706 3741 -
2760 3723 2820 3757 ma

500 3807 574 3844 ros
610 3812 707 3848 om.
744 3794 769 3860 j
805 3822 844 3832 —
879 3811 913 3849 2
954 3795 1272 3848 uiuiradicis
1310 3796 1364 3848 R
1402 3796 1749 3849 uiraeradicis
1789 3796 1903 3848 SA¹
1943 3796 2152 3848 uiridae
2192 3795 2386 3847 radicis
2425 3793 2501 3846 A⁸
2537 3820 2574 3830 -
2611 3809 2640 3857 3
2683 3811 2820 3858 magi

311 3902 318 3935 z
494 3878 747 3937 8Ah¹b¹o
778 3911 817 3921 —
851 3901 887 3948 4
907 3885 1154 3949 posterni
1172 3884 1225 3936 A
1258 3911 1297 3920 -
1333 3885 1674 3937 recurbatam
1693 3884 1756 3937 8⁸
1790 3912 1829 3921 -
1863 3885 1981 3937 solo
2000 3883 2107 3937 ὡς»
2125 3883 2240 3935 sole
2258 3884 2400 3936 SAR
2433 3910 2472 3919 —
2509 3898 2538 3948 5
2561 3883 2820 3947 conpositi

496 3967 531 4020 S
561 3996 597 4007 -
628 3986 661 4037 7
691 3974 1074 4038 paupinandas
1103 3974 1144 4026 S
1172 3974 1514 4038 papimndos
1544 3973 1621 4025 A²
1650 3974 2015 4038 pantinandoe
2043 3972 2119 4024 A⁸
2153 3999 2192 4009 -
2227 3973 2260 4024 8
2290 3971 2749 4037 panpinationem
2777 3972 2820 4025 s:

496 4059 852 4115 adhibendam
877 4076 921 4129 γ
943 4063 1219 4115 adibenda
1241 4062 1304 4115 8ι
1330 4063 1643 4115 adhibenda
1665 4062 1728 4116 S’
1752 4062 2063 4115 adiuuenda
2084 4061 2137 4113 A
2161 4061 2473 4114 adiuuanda
2496 4059 2642 4125 λίγα
2666 4061 2820 4114 adim·

496 4146 612 4201 dam
624 4149 696 4215 jn
715 4152 1039 4204 adiuandar
1072 4178 1111 4188 —
1146 4167 1179 4215 9
1199 4152 1652 4216 paupinationem
1671 4150 1845 4204 SAbo
1877 4178 1916 4188 -
1956 4167 2020 4203 10
2040 4151 2190 4215 perci
2209 4150 2272 4204 S²
2306 4177 2345 4187 —
2378 4151 2650 4215 panpinos
2670 4149 2762 4203 SA
2794 4176 2820 4186 -

496 4235 917 4305 ablaqueandam
946 4239 1076 4293 Αἶά.
1116 4240 1560 4304 ablaqueandum
1596 4241 1738 4293 SAR
1771 4267 1810 4277 -
1844 4241 2037 4305 utique
2072 4240 2113 4292 S
2148 4240 2250 4292 uiti
2287 4256 2429 4304 quae
2464 4240 2568 4292 AR
2602 4265 2641 4275 -
2681 4254 2744 4292 12
2783 4240 2820 4290 al

500 4339 680 4387 questa
700 4330 862 4382 uinea
875 4328 1007 4383 Ald.
1032 4329 1414 4394 oblaqueatam
1435 4330 1779 4394 (ablaqueata
1799 4330 1857 4395 ρ)
1879 4329 2099 4381 uincam
2120 4329 2263 4382 SAR
2296 4356 2333 4365 -
2375 4344 2435 4392 13
2460 4327 2820 4392 quamadmod

499 4411 554 4464 8ι
583 4443 620 4455 -·
657 4436 722 4483 14
749 4419 903 4484 quod
930 4418 1003 4471 eit
1028 4417 1157 4470 A¹R
1184 4418 1384 4483 quodsi
1410 4417 1526 4470 SA¹
1561 4445 1600 4455 -
1635 4434 1704 4472 20
1731 4418 2147 4483 frequendanda
2171 4417 2247 4470 A¹
2283 4445 2322 4454 —
2357 4433 2425 4471 22
2454 4416 2820 4469 harundinibu
