3109 5559
568 358 647 413 72
1157 359 1212 401 ι..
1263 358 1387 400 ivm
1400 344 1763 401 'nonnam-1
1809 356 2222 399 comm-:uas

564 518 815 579 semine
877 536 1075 597 posse
1146 516 1283 578 fieri
1353 537 1485 578 non
1537 515 1899 589 robustum;
1949 516 2131 595 quod
2178 535 2336 578 uero
2385 516 2684 598 protinus
2729 536 2828 578 ex

566 623 691 685 leui
761 634 987 686 natum
1059 625 1164 697 sit,
1227 643 1586 704 numquam
1637 623 1834 686 robur
1880 623 2182 703 accipere
2230 622 2650 685 manifestum
2693 638 2826 695 est.

568 731 852 812 ideoque
922 730 1254 811 Vergilius
1322 740 1497 792 cum'
1542 742 1610 792 et
1676 729 1801 792 alia
1840 740 1988 791 -tum
2037 741 2105 791 et
2151 730 2278 792 hoc
2325 730 2411 791 de
2457 731 2830 792 seminibus

570 837 902 919 praeclare
949 838 1044 899 sic
1093 838 1427 899 disseruit:

660 998 818 1060 uidi
867 997 1078 1060 lecta
1125 998 1259 1059 diu
1307 1009 1382 1059 et
1431 995 1673 1059 multo
1720 1007 2084 1078 spectata
2136 996 2406 1059 labore

658 1086 1163 1167 degenerare
1209 1099 1493 1158 tamen,
1544 1088 1618 1148 ni
1667 1087 1783 1148 uis
1831 1085 2180 1147 humana
2227 1086 2660 1167 quotannis

659 1177 1000 1239 maxima
1048 1196 1416 1258 quaeque
1466 1195 1693 1237 manu
1727 1174 2058 1256 legeret,
2092 1175 2204 1236 sic
2237 1176 2497 1237 omnia
2533 1174 2718 1238 fatis

656 1267 729 1327 in
778 1267 1002 1347 peius
1049 1284 1273 1327 ruere
1321 1285 1410 1327 ac
1459 1278 1673 1327 retro
1720 1264 2106 1345 sublapsa
2154 1264 2450 1326 referri.

470 1443 543 1505 13
568 1446 842 1507 granum
919 1439 1138 1488 autem
1219 1427 1474 1488 rutilum
1551 1428 1627 1499 si,
1708 1446 1856 1488 cum
1940 1438 2043 1488 est
2120 1424 2460 1501 diffissum,
2531 1426 2826 1487 eundem

567 1531 854 1594 colorem
925 1533 1298 1595 interiorem
1369 1533 1591 1608 habet,
1663 1535 1986 1616 integrum
2034 1553 2182 1596 esse
2231 1553 2361 1594 non
2410 1533 2829 1609 dubitamus;

567 1638 746 1721 quod
782 1641 1188 1702 extrinsecus
1220 1639 1530 1715 albidum,
1567 1641 1741 1702 intus
1771 1641 1971 1703 etiam
2011 1640 2365 1702 candidum
2398 1639 2831 1720 conspicitur,

569 1746 712 1808 leue
760 1766 837 1808 ac
885 1767 1127 1808 uanum
1176 1746 1462 1828 intellegi
1514 1747 1736 1810 debet.
1787 1767 1939 1835 ‘nec
1988 1768 2109 1809 nos
2142 1760 2475 1828 tamquam
2510 1745 2835 1827 optabilis

570 1851 878 1933 agricolis
928 1852 1107 1915 fallat
1153 1853 1365 1935 siligo,
1417 1875 1573 1916 narn
1622 1855 1746 1916 hoc
1812 1854 2002 1916 tritici
2067 1855 2294 1915 uitium
2337 1866 2437 1915 est
2480 1864 2564 1927 et,
2600 1873 2835 1934 quam·

167 1984 329 2040 Quem
369 1982 439 2028 ul
573 1961 671 2022 uis
742 1961 1030 2023 candore
1093 1971 1402 2041 praestet,
1468 1962 1763 2043 pondere
1826 1974 2045 2023 tamen
2095 1961 2391 2023 uincitur.
2482 1979 2707 2022 uerum
2756 1960 2830 2020 in

198 2072 412 2119 modum
574 2068 799 2129 umido
846 2079 1022 2129 statu
1070 2066 1236 2129 caeli
1299 2081 1476 2130 recte
1523 2070 1831 2149 prouenit
1879 2080 1946 2129 et
1993 2069 2145 2130 ideo
2195 2066 2358 2129 locis
2406 2066 2838 2128 manantibus

166 2162 330 2209 ‘⁸⁰⁸⁸
364 2172 447 2207 ’θ’
576 2174 786 2253 magis
855 2158 1011 2254 apta
1081 2185 1201 2235 est.
1302 2194 1423 2237 nec
1493 2186 1712 2237 tamen
1785 2194 1862 2236 ea
1935 2173 2131 2254 longe
2181 2174 2375 2236 nobis
2420 2186 2533 2235 aut
2581 2193 2831 2253 magna

144 2250 463 2387 ’Ζιᾟέαῒῖ
573 2279 962 2342 disficultate
1032 2281 1427 2361 requirenda
1497 2294 1618 2357 est,
1672 2301 1820 2343 nam
1871 2302 2066 2343 omne
2118 2282 2398 2343 triticum
2449 2279 2593 2342 solo
2641 2277 2836 2360 uligi-

158 2430 319 2476 londa
338 2429 448 2475 sm
477 2405 553 2465 14
575 2407 740 2449 noso
789 2398 941 2467 post
987 2389 1243 2449 tertiam
1293 2389 1618 2449 sationem
1665 2390 2066 2451 conuertitur
2097 2390 2160 2450 in
2196 2387 2542 2469 siliginem.
2609 2390 2837 2467 proxi·

575 2514 721 2556 mus
790 2508 892 2556 est
962 2495 1063 2557 his
1136 2493 1475 2557 frumentis
1534 2515 1691 2556 usus
1740 2496 1988 2571 hordei,
2039 2497 2218 2577 quod
2268 2495 2489 2557 rustici
2538 2493 2838 2555 hexasti-

574 2603 789 2676 chum,
864 2603 1131 2683 quidam
1196 2603 1395 2664 etiam
1466 2603 1919 2664 cantherinum
1977 2601 2333 2683 appellant,
2399 2601 2708 2682 quoniam
2757 2615 2834 2662 et

575 2710 793 2771 omnia
842 2707 1167 2785 animalia,
1218 2730 1387 2790 quae
1429 2710 1556 2771 ruri
1588 2721 1762 2783 sunt,
1799 2709 2030 2772 melius
2063 2730 2257 2790 quam
2293 2710 2574 2771 triticum
2611 2707 2835 2789 pascit

575 2828 640 2878 et
711 2817 1043 2877 hominem
1114 2816 1437 2878 salubrius
1505 2838 1703 2897 quam
1777 2816 2017 2878 malum
2082 2817 2385 2892 triticum,
2459 2835 2579 2877 nec
2649 2813 2834 2876 aliud

574 2925 638 2985 in
710 2924 938 3003 egenis
990 2924 1202 3011 ‘rebus
1268 2925 1479 3004 magis
1550 2925 1840 3005 inopiam
1912 2923 2226 2986 defendit.
2322 2924 2555 2985 seritur
2608 2920 2838 2984 soluta

575 3031 882 3111 siccaque
954 3041 1123 3091 terra
1192 3042 1260 3092 et
1327 3031 1431 3092 uel
1503 3031 1882 3112 praeualida
1948 3031 2051 3092 uel
2115 3030 2291 3105 exili,
2364 3031 2517 3110 quia
2564 3040 2838 3091 constat

761 3168 781 3203 1
846 3163 1100 3216 protenus
1141 3158 1191 3211 (e
1229 3159 1283 3204 in
1318 3172 1337 3218 J
1379 3162 1504 3204 mut.
1546 3173 1616 3204 m.
1656 3155 1770 3214 rec.)
1813 3159 1851 3206 A
1890 3163 2143 3217 protenus
2188 3151 2245 3204 «1¹
2463 3171 2528 3202 ex
2570 3153 2668 3202 leui
2714 3154 2840 3201 ΒΔΕ

577 3245 712 3293 exile
750 3248 794 3294 Β
942 3257 970 3292 2
1011 3261 1269 3311 nunquam
1310 3249 1352 3294 Β
1499 3257 1528 3306 3
1569 3246 1802 3307 uin-gilius
1830 3249 1874 3294 Β
1898 3262 1968 3292 m.
2010 3261 2099 3293 rec.
2141 3247 2195 3293 in
2223 3247 2261 3294 A
2410 3254 2436 3306 5
2467 3243 2613 3306 Verg.
2645 3241 2835 3304 Geotg.

586 3334 627 3390 1,
652 3343 737 3379 197
770 3351 880 3396 sqq.
1025 3335 1058 3382 6
1098 3336 1389 3399 quodannis
1415 3337 1488 3384 SA
1634 3348 1665 3395 9
1706 3336 1772 3383 si·
1789 3351 1905 3383 cum
1943 3330 2064 3384 ks't,
2099 3335 2174 3383 sic
2202 3350 2316 3381 cum
2344 3334 2423 3381 uel
2446 3334 2637 3381 siccum
2664 3328 2842 3380 SAnn¹

577 3420 816 3482 siccllum
857 3418 911 3472 «1¹
953 3437 1005 3472 et
1040 3424 1227 3472 sicum
1255 3425 1335 3471 uel
1369 3434 1423 3472 et
1458 3425 1623 3473 sicum
1663 3439 1789 3485 mgq
1828 3432 1880 3473 et
1906 3424 2100 3473 siccum
2129 3418 2348 3482 bvd'lpa
2466 3422 2723 3470 diffissum
2743 3423 2842 3478 glt

580 3514 808 3562 diffisum
849 3516 882 3561 S
931 3513 1178 3561 diffusum
1220 3515 1306 3563 AR
1531 3528 1592 3561 12
1633 3514 1843 3576 intelligi
1882 3517 1926 3563 Β
2070 3520 2311 3579 tanquam
2352 3516 2396 3561 Β
2558 3510 2757 3559 stabilis
2800 3514 2843 3560 8

579 3599 845 3664 (optabilis
892 3604 945 3650 in
986 3618 1159 3665 marg.
1201 3619 1269 3649 m.
1312 3602 1424 3659 rec.)
1465 3605 1503 3652 A
1656 3614 1718 3663 13
1757 3603 2021 3665 agricollis
2059 3605 2092 3652 S
2164 3601 2396 3664 agrieoni
2434 3599 2481 3657 (s
2517 3615 2558 3647 s.
2616 3615 2667 3646 u.
2706 3597 2838 3647 add.

531 3692 543 3704 ‘
583 3710 654 3740 m.
703 3692 819 3747 uel.)
854 3694 892 3741 A
1092 3693 1312 3757 quanuis
1351 3696 1395 3742 Β
1436 3683 1663 3755 pleriqtie
1832 3707 1890 3752 14
1944 3691 2398 3752 Quemadmodum
2439 3689 2571 3737 iacta
2609 3690 2840 3737 sementi

582 3783 836 3830 frumenta
895 3782 1115 3829 colenda
1163 3764 1288 3830 su⁸nt
1328 3787 1445 3844 post
1480 3782 1702 3830 uincitur
1741 3785 1889 3830 inser.
1931 3782 2068 3829 rubr.
2107 3796 2173 3842 eq
2214 3782 2266 3828 in
2295 3795 2463 3841 marg.
2493 3780 2525 3826 d
2680 3778 2740 3825 16
2767 3793 2843 3826 ea

582 3888 683 3919 om.
711 3867 874 3920 SAd¹s
1008 3873 1070 3919 18
1110 3871 1365 3931 uliginosa
1394 3872 1447 3927 (o
1473 3888 1514 3919 s.
1539 3887 1570 3919 a
1594 3888 1664 3922 m.
1687 3872 1803 3929 rec.)
1824 3874 1862 3921 A
2036 3883 2096 3929 19
2120 3869 2475 3917 hexasticbum
2513 3870 2546 3915 S
2570 3867 2842 3915 hexasthi-

583 3977 697 4009 cum
735 3963 773 4010 A
814 3962 1137 4010 exasticbum
1177 3962 1212 4008 d
1234 3962 1571 4009 ‘hexasticum
1601 3962 1680 4009 uel
1715 3961 1998 4008 exasticum
2042 3962 2084 4007 Β
2231 3971 2298 4006 20
2337 3957 2441 4023 quo
2467 3958 2541 4006 SA
2568 3971 2723 4022 quem
2753 3959 2848 4003 uel

582 4066 697 4098 cum
724 4054 768 4099 Β
914 4066 979 4097 22
1013 4054 1131 4114 post
1167 4051 1352 4098 malum
1394 4050 1616 4098 triticum
1658 4050 1874 4096 alterum
1913 4050 2080 4110 pascit
2118 4051 2266 4095 inser.
2310 4049 2356 4095 Β
2396 4054 2513 4097 (exc.
2549 4042 2627 4108 μὴ
2667 4047 2842 4105 pascit

580 4156 621 4187 s.
649 4156 700 4186 u.
728 4138 895 4186 adscr.
938 4156 1008 4186 m.
1049 4145 1160 4190 κεί..
1191 4139 1320 4201 fort.
1363 4156 1431 4186 m.
1466 4147 1547 4201 pr.
1590 4141 1642 4187 in
1670 4142 1703 4187 S
1873 4139 2029 4185 uerba
2055 4145 2107 4186 et
2132 4136 2392 4184 homiuem
2430 4151 2588 4196 usque
2611 4133 2686 4181 ad
2706 4134 2841 4182 triti-

583 4246 696 4277 cum
745 4246 847 4276 om.
890 4232 947 4279 A,
986 4228 1077 4277 sed
1111 4231 1162 4276 in
1205 4230 1300 4292 ins.
1344 4246 1514 4291 marg.
1557 4234 1600 4277 ἃ
1641 4230 1900 4277 hominem
1943 4228 2149 4275 sabrius
2185 4228 2257 4283 (lu
2297 4241 2364 4272 ss.
2408 4242 2477 4271 m.
2523 4222 2636 4281 rac.)
2679 4240 2839 4290 quam

584 4321 770 4367 malum
801 4320 1024 4367 triticum
1047 4320 1211 4381 pascit
1235 4320 1398 4368 adscr.
1423 4336 1490 4365 m.
1515 4326 1606 4365 net.
1743 4330 1805 4378 23
1828 4318 1974 4379 genis
1995 4318 2044 4373 (e
2064 4333 2104 4364 s.
2128 4334 2177 4363 u.
2201 4322 2361 4377 anteg
2378 4314 2541 4362 σείειν.
2565 4332 2633 4362 m.
2653 4314 2770 4369 uei.)
2799 4317 2838 4363 A

2867 1563 2948 1598 10

2875 2099 2948 2148 Ι5

2865 2632 2952 2669 20
