3109 5559
429 256 514 341 84
644 256 722 323 L.
758 255 909 321 Iuni
940 254 1273 322 Moderati
1304 254 1710 322 Columellae

509 434 732 520 Atque
788 432 948 499 haec
1004 432 1168 500 ratio
1225 431 1395 499 bene
1451 432 1902 499 institutarum
1957 430 2302 498 uinearum
2357 431 2427 497 in
2483 445 2888 518 perpetuum

312 569 382 619 30
425 540 858 607 custodienda
885 540 1028 606 erit.

282 818 382 874 22
425 805 625 873 Male
651 804 1002 872 formatas
1025 805 1280 872 uineas
1307 805 1688 873 restituere

520 987 561 1028 r
602 965 674 1031 Si
701 988 861 1032 uero
890 966 1073 1032 aliter
1099 965 1413 1032 fonnatas
1440 965 1887 1051 acceperimus
1913 978 1980 1031 et
2008 965 2141 1031 iam
2168 965 2532 1031 multorum
2558 986 2890 1031 annorum

429 1072 836 1159 neglegentia
897 1073 1485 1159 superueneri<n>t
1545 1073 1798 1159 iugum,
1865 1071 2421 1138 considerandum
2483 1071 2624 1151 erit,
2694 1071 2887 1137 cuius

432 1179 862 1266 longitudinis
901 1179 1032 1246 sint
1072 1179 1436 1259 duramina,
1480 1201 1648 1266 quae
1687 1178 2005 1245 excedant
2044 1178 2445 1265 praedictam
2482 1199 2888 1244 mensuram.

353 1314 383 1365 5
431 1308 586 1352 nam
628 1286 684 1352 si
728 1287 1015 1353 duorum
1057 1285 1308 1373 pedum
1349 1299 1464 1352 aut
1506 1286 1704 1372 paulo
1747 1285 2032 1372 amplius
2072 1284 2338 1364 fuerint,
2385 1284 2625 1372 poterit
2670 1284 2891 1350 adhuc

427 1392 737 1459 uniuersa
758 1393 954 1459 uinea
974 1392 1101 1459 sub
1124 1393 1355 1479 iugum
1379 1392 1573 1472 mitti,
1599 1393 1654 1458 si
1676 1406 1898 1458 tamen
1922 1391 2112 1478 palus
2133 1405 2370 1458 trunco
2392 1404 2492 1457 est
2513 1390 2888 1477 adplicitus.

430 1518 472 1565 2
515 1498 571 1564 is
604 1500 783 1565 enim
817 1522 854 1565 a
887 1500 1023 1566 uite
1057 1512 1517 1565 summouetur
1548 1513 1617 1565 et
1648 1499 1718 1564 in
1752 1498 1973 1564 medio
2007 1498 2219 1584 spatio
2254 1498 2540 1564 duorum
2573 1497 2890 1564 ordinum

430 1606 514 1672 ad
542 1606 785 1672 lineam
814 1606 1142 1692 pangitur;
1173 1620 1545 1672 transuersa
1575 1605 1814 1672 deinde
1844 1604 2000 1670 uitis
2029 1605 2114 1670 ad
2144 1618 2473 1671 statumen
2503 1604 2892 1690 perducitur

429 1726 625 1798 atque
651 1712 741 1779 ita
765 1713 921 1799 iugo
944 1712 1285 1779 subicitur.
1315 1725 1380 1778 at
1404 1712 1460 1778 si
1486 1712 1875 1778 duramenta
1898 1711 2040 1778 eius
2065 1711 2325 1797 longius
2348 1725 2789 1790 excesserunt,
2817 1724 2892 1777 ut

322 1847 388 1885 10
431 1818 501 1884 in
544 1832 856 1905 quartum
898 1833 1012 1885 aut
1051 1819 1251 1885 etiam
1291 1818 1361 1884 in
1406 1818 1717 1905 quintum
1759 1831 2089 1885 statumen
2131 1817 2595 1904 prorepserint,
2642 1818 2891 1883 maiore

430 1939 704 2012 sumptu
757 1925 1140 1991 restituitur:
1196 1925 1437 2012 mergis
1489 1947 1798 2011 namque,
1853 1925 1970 2011 qui
2023 1923 2217 1990 nobis
2268 1924 2550 1990 maxime
2603 1923 2887 2010 placent,

429 2046 784 2118 propagata
814 2032 1149 2099 celerrime
1179 2032 1506 2119 prouenit.

505 2159 555 2221 3
600 2139 751 2204 Hoc
775 2152 1017 2218 tamen,
1046 2139 1100 2205 si
1127 2152 1320 2205 uetus
1346 2152 1411 2205 et
1436 2160 1628 2204 exesa
1651 2152 1752 2205 est
1776 2135 2156 2224 superficies
2180 2137 2418 2205 trunci.
2447 2150 2512 2203 at
2538 2137 2594 2202 si
2618 2137 2894 2204 robusta

428 2257 495 2310 et
543 2245 813 2332 integra,
867 2245 1192 2312 minorem
1241 2266 1511 2331 operam
1562 2244 1907 2311 desiderat:
1962 2244 2211 2331 quippe
2259 2243 2538 2310 hiberno
2588 2257 2891 2330 tempore

319 2381 341 2417 1
351 2380 380 2429 5
427 2350 812 2438 ablaqueata
837 2349 999 2418 fimo
1027 2352 1317 2431 satiatur,
1348 2364 1756 2438 angusteque
1785 2350 2160 2438 deputatur,
2190 2364 2257 2417 et
2284 2350 2456 2416 inter
2484 2363 2799 2437 quartum
2825 2363 2891 2416 et

427 2456 697 2524 tertium
726 2457 968 2543 pedem
995 2480 1033 2523 a
1061 2471 1233 2524 terra
1260 2457 1660 2523 uiridissima
1688 2470 1871 2544 parte
1900 2456 2161 2524 corticis
2189 2469 2382 2522 acuto
2412 2478 2728 2523 mucrone
2759 2455 2890 2523 fer-

431 2563 708 2629 ramenti
737 2564 1141 2631 uulneratur.
1172 2563 1635 2650 frequentibus
1665 2562 1903 2629 deinde
1933 2561 2207 2629 fossuris
2235 2576 2407 2629 terra
2435 2562 2888 2649 permiscetur,

428 2684 504 2735 ut
542 2669 797 2737 incitari
835 2671 991 2736 uitis
1029 2671 1236 2757 possit
1273 2683 1340 2737 et
1378 2669 1460 2735 ab
1499 2692 1577 2736 ea
1614 2670 1896 2735 maxime
1935 2682 2139 2755 parte,
2181 2691 2351 2757 quae
2388 2669 2729 2735 uulnerata
2770 2683 2889 2748 est,

428 2778 821 2864 pampinum
864 2776 1162 2844 fundere.

320 2913 391 2952 ιο
521 2904 563 2967 4
600 2884 997 2971 Plerumque
1049 2898 1272 2951 autem
1323 2906 1594 2970 germen
1647 2883 1730 2950 de
1784 2882 2081 2950 cicatrice
2134 2883 2451 2970 procedit,
2510 2883 2691 2969 quod
2747 2883 2890 2949 siue

429 2990 691 3076 longius
712 2990 1034 3077 prosiluit,
1059 2991 1128 3057 in
1151 2990 1482 3077 flagellum
1503 2990 1959 3070 summittitur,
1985 2990 2127 3057 siue
2149 2989 2438 3070 breuius,
2463 2989 2533 3055 in
2557 2989 2886 3076 pollicem,

431 3097 572 3163 siue
603 3097 966 3164 admodum
997 3097 1327 3184 exiguum,
1361 3097 1431 3162 in
1461 3096 1913 3163 furunculum.
1947 3097 2003 3161 is
2033 3118 2114 3162 ex
2144 3096 2443 3183 quolibet
2471 3096 2578 3162 uel
2609 3096 2890 3162 minimo

430 3203 888 3289 capillamento
918 3202 1059 3269 fieri
1091 3217 1327 3290 potest:
1362 3226 1517 3270 nam
1547 3202 1665 3269 ubi
1694 3203 1895 3270 unius
1924 3217 2038 3269 aut
2067 3202 2333 3269 alterius
2362 3201 2503 3268 folii
2534 3203 2891 3289 pampinus

429 3310 755 3396 prorepsit
800 3332 837 3376 e
885 3310 1073 3389 duro,
1124 3310 1490 3376 dummodo
1536 3310 1621 3376 ad
1667 3309 2111 3376 maturitatem
2156 3309 2515 3396 perueniat,
2567 3322 2889 3396 sequente

501 3554 590 3593 22:
618 3555 758 3603 9—19
783 3538 994 3592 pallad.
1022 3538 1203 3602 3,16,1
1237 3565 1276 3575 -
1312 3554 1451 3602 9—12
1477 3538 1621 3591 Ptin.
1650 3548 1761 3591 nat.
1794 3539 1986 3603 17,182
2023 3565 2062 3575 -
2102 3555 2271 3604 13-19
2297 3538 2507 3592 Pallad.
2539 3550 2664 3603 123
2698 3564 2738 3575 -
2774 3554 2881 3593 20-

432 3644 500 3681 22
523 3628 663 3680 Ptin.
688 3639 800 3680 nat.
828 3629 1022 3692 17,181
1057 3654 1096 3664 -
1131 3628 1300 3692 28-41
1330 3627 1539 3680 Pallad.
1567 3639 1713 3691 4,7,3

429 3817 543 3857 tem
572 3806 625 3857 R
658 3832 697 3842 -
731 3805 939 3857 brachii
968 3806 1021 3857 R
1054 3832 1092 3842 -
1126 3805 1255 3858 uitis
1287 3822 1384 3857 om.
1419 3805 1470 3856 A
1504 3830 1543 3841 -
1578 3820 1647 3868 29
1678 3815 1843 3869 atque
1872 3806 1925 3857 R
1954 3816 2140 3857 autem
2169 3804 2262 3858 SA
2292 3831 2332 3842 -
2367 3805 2509 3857 hanc
2540 3804 2633 3858 SA
2669 3831 2707 3841 -
2743 3820 2883 3857 uene

430 3894 492 3947 S¹
525 3920 565 3931 -
600 3894 920 3947 institurum
945 3894 999 3946 A

499 3998 587 4037 222
627 4001 648 4035 1
669 3994 753 4048 pr.
775 3982 1051 4047 SAhbsyc
1084 4009 1123 4019 -
1159 3983 1475 4035 restituetur
1493 3982 1533 4035 S
1567 4009 1605 4019 -
1642 3998 1673 4035 2
1695 3983 1805 4034 iam
1823 3999 1922 4034 om.
1945 4000 1997 4035 u.
2019 3992 2095 4047 sp.
2118 4000 2162 4034 r.
2184 3982 2238 4034 A
2255 3999 2354 4034 om.
2375 3983 2428 4034 R
2462 4008 2501 4018 -
2536 3998 2566 4046 3
2589 3982 2881 4047 neglegen-

428 4072 576 4124 tibus
599 4072 653 4124 A
686 4099 725 4109 -
758 4073 1175 4138 superuenerint
1200 4071 1395 4124 Gesner
1418 4072 1796 4137 superuenerit
1819 4072 1961 4124 SAR
1995 4098 2033 4108 -
2067 4088 2103 4135 4
2125 4071 2234 4123 sint
2258 4071 2349 4124 SR
2371 4072 2418 4124 si
2442 4082 2505 4123 ut
2529 4072 2580 4123 A
2612 4098 2652 4109 -
2686 4089 2880 4137 suprs-

429 4162 700 4213 dictamR
734 4187 772 4197 -
809 4177 838 4226 5
858 4161 1097 4225 poterint
1114 4161 1205 4213 SA
1237 4186 1276 4196 -
1311 4160 1380 4212 sd
1397 4161 1546 4212 hunc
1563 4161 1655 4213 SA
1687 4187 1727 4197 -
1761 4160 2021 4213 6mituA
2053 4187 2091 4197 -
2125 4160 2348 4212 tamSA
2381 4187 2419 4197 -
2446 4169 2569 4224 post
2584 4160 2882 4225 adplicitus

428 4250 566 4302 rubr.
595 4247 1252 4314 DemerguloSAbbfyc
1285 4275 1324 4285 -
1359 4251 1462 4312 7is
1487 4249 2535 4302 enimaRsiseminaSsisenimaA
2567 4275 2606 4285 -
2643 4249 2886 4313 9stA

430 4365 469 4375 -
505 4340 830 4392 excesserint
861 4339 914 4390 R
948 4365 986 4375 -
1026 4355 1090 4390 10
1121 4339 1491 4402 properserint
1523 4339 1615 4391 SA
1649 4365 1687 4375 -
1728 4356 1784 4391 11
1823 4350 2010 4390 sumtu
2043 4338 2083 4391 S
2116 4364 2155 4375 -
2190 4339 2548 4390 restituentur
2577 4337 2631 4389 R
2664 4364 2704 4375 -
2738 4337 2883 4391 maxi

431 4427 494 4480 8ι
528 4454 568 4465 -
601 4429 782 4493 plaget
804 4427 867 4480 S¹
889 4427 1065 4491 placet
1088 4426 1204 4479 S¹A
1237 4454 1275 4464 -
1316 4444 1375 4491 13
1402 4439 1455 4479 at
1478 4428 1524 4479 si
1547 4426 1632 4492 h'i
1657 4428 1728 4480 ad
1749 4427 1796 4479 si
1818 4427 1911 4479 SA
1930 4428 2016 4479 sin
2039 4438 2223 4479 autem
2245 4426 2396 4479 h¹2o
2426 4452 2466 4463 -
2507 4443 2568 4492 15
2593 4428 2828 4479 saciatur
2848 4426 2888 4478 S

432 4543 471 4553 -
506 4529 880 4582 angustaeque
903 4516 995 4568 SA
1029 4542 1067 4552 -
1108 4516 1171 4569 18
1196 4527 1249 4568 et
1275 4533 1372 4568 om.
1399 4516 1491 4569 SA
1523 4542 1563 4552 —
1603 4532 1666 4580 19
1690 4517 1996 4582 panpinum
2020 4516 2060 4568 S
2093 4542 2132 4552 -
2167 4531 2237 4569 20
2259 4516 2510 4581 plerique
2533 4515 2597 4569 8ι
2630 4542 2670 4553 -
2703 4527 2888 4568 sutem

430 4604 507 4659 bis
539 4606 579 4659 S
614 4634 652 4644 -
685 4606 885 4660 catrice
915 4605 991 4657 A¹
1026 4631 1064 4641 -
1101 4620 1162 4657 21
1203 4606 1441 4658 sumitur
1471 4605 1511 4658 S
1544 4631 1584 4641 -
1618 4606 1854 4669 pelicem
1886 4603 2136 4670 Aias-y·
2168 4631 2207 4641 -
2243 4621 2309 4658 22
2345 4605 2434 4657 uel
2465 4605 2519 4657 R
2551 4616 2606 4658 et
2638 4605 2883 4670 SA-25
