3109 5559
1444 306 1543 347 Rl-:l
1592 305 1900 347 RVSTICAE
1947 305 2059 347 Lm.
2112 305 2172 347 xl

662 465 993 538 semissis,
1040 484 1319 546 eumque
1349 464 1644 527 similiter
1675 486 1803 527 una
1835 485 2036 547 opera
2069 464 2286 526 efficit.
2360 484 2508 526 rosa

662 591 840 633 num
876 570 1241 652 perfossum
1273 584 1339 633 et
1371 571 1612 634 cultum
1651 573 1892 633 habere
1925 573 2054 634 iam
2086 583 2348 651 tempus
2379 583 2496 632 est.

660 677 980 740 rantibus
1026 679 1264 740 circum
1314 679 1569 740 radices
1615 698 1963 754 amurcam,
2017 699 2184 759 quae
2231 677 2433 739 salem
2483 697 2519 738 n

658 804 860 847 nunc
906 787 1254 846 conueniet
1301 784 1667 862 infundere3
1719 787 2022 848 maximis
2062 805 2181 848 sex
2214 785 2452 865 congii,
2488 803 2525 846 n

584 930 622 974 5
652 891 1027 955 arboribus
1083 912 1244 953 urna
1304 891 1726 968 satisfaciunt,
1790 894 2023 955 ceteris
2069 892 2475 954 aestimanda
2522 917 2529 946 ι

654 1001 803 1061 sed
872 1009 1091 1060 tamen
1157 1019 1325 1079 quae
1390 998 1546 1060 nihil
1615 1000 1752 1060 uitii
1818 999 2180 1071 habuerint,
2243 997 2532 1079 aliquant

655 1108 864 1181 fient,
926 1106 980 1165 si
1040 1125 1302 1167 amurca
1368 1107 1655 1187 rigentur
1720 1105 1979 1168 insulsa.
2075 1103 2364 1167 nonnulli
2423 1105 2539 1167 hoc

654 1228 949 1293 tempus
1018 1232 1163 1273 esse
1231 1212 1592 1275 seminariis
1658 1213 2070 1274 instituendis
2124 1211 2445 1274 dixerunt.

654 1323 891 1383 bacas
960 1318 1116 1381 lauri
1188 1331 1254 1380 et
1323 1320 1513 1381 murti
1586 1330 2078 1400 ceterorumque
2156 1319 2456 1380 uiridium
2537 1341 2547 1379 ε

554 1463 627 1494 ιο
653 1424 941 1490 areolas
1004 1426 1321 1487 disserere
1370 1436 1859 1506 praeceperunt.
1945 1427 2346 1488 orthocissos
2405 1437 2470 1487 et
2516 1425 2553 1487 h

655 1534 915 1596 Idibus
962 1533 1327 1594 Februariis
1373 1531 1477 1594 uel
1528 1534 1724 1594 etiam
1776 1532 2093 1595 Kalendis
2140 1532 2390 1595 Martiis
2432 1553 2557 1613 pon

655 1642 884 1705 iidem
935 1652 1338 1701 censuerunt.

658 1856 769 1917 Id.
837 1853 1025 1915 Mart.
1076 1854 1266 1933 Nepa
1314 1854 1539 1934 incipit
1586 1854 1907 1928 occidere,
1958 1853 2281 1934 significat
2330 1865 2571 1933 tempes

660 1981 807 2025 xvu
863 1961 1011 2023 Kal.
1064 1961 1226 2041 Apr.
1278 1961 1468 2041 Nepa
1515 1961 1775 2031 occidit,
1826 1960 2087 2023 hiemat.

566 2089 781 2134 15xV1
872 2066 1018 2130 Kal.
1087 2068 1247 2148 Apr.
1314 2066 1427 2128 Sol
1486 2068 1548 2128 in
1600 2065 1896 2129 Arietem
1954 2069 2289 2130 transitum
2350 2067 2520 2142 facit,

902 2174 1006 2236 uel
1057 2175 1280 2236 Corus.

661 2303 751 2344 xn
866 2281 1013 2343 Kal.
1065 2281 1228 2362 Apr.
1286 2281 1504 2362 Equus
1566 2281 1808 2343 occidit
1868 2302 2077 2352 mane,
2137 2283 2584 2362 septentriona

663 2410 708 2451 x
868 2387 1015 2449 Kal.
1068 2388 1231 2469 Apr.
1284 2388 1479 2449 Aries
1528 2388 1754 2467 incipit
1802 2390 2057 2462 exoriri,
2109 2387 2364 2469 pluuius
2408 2389 2568 2462 dies,

907 2496 1175 2575 ninguit.

556 2640 621 2670 20
664 2626 797 2667 vnn
854 2613 925 2664 et
972 2621 1071 2663 vm
1132 2601 1277 2663 Kal.
1330 2602 1493 2684 Apr.
1554 2603 2064 2684 Aequinoctium
2121 2624 2409 2678 uernum,
2471 2614 2600 2664 tem

905 2709 1247 2790 significat.

908 2817 1019 2877 Ab
1068 2817 1289 2878 Idibus
1336 2819 1589 2890 eadem,
1640 2839 1808 2899 quae
1849 2839 2064 2899 supra,
2100 2820 2321 2898 utique
2354 2839 2596 2899 perage

670 2927 944 3006 optime
1002 2934 1221 2986 autem
1267 2924 1591 3005 uliginosa
1638 2938 1704 2987 et
1753 2927 2019 3006 pinguia
2067 2924 2212 2987 loca
2260 2945 2429 2986 nunc
2477 2925 2601 2986 den

670 3032 1098 3106 scinduntur3
1150 3045 1217 3092 at
1263 3052 1430 3111 quae
1480 3052 1705 3094 mense
1754 3033 2052 3094 Ianuario
2099 3045 2405 3094 ueruacta
2439 3032 2601 3094 fecin

868 3262 903 3305 3
946 3261 1151 3292 amurca
1189 3247 1222 3292 S
1385 3247 1571 3294 habeat
1609 3248 1652 3294 R
1690 3248 1912 3295 habeant
1936 3251 2009 3296 SA
2048 3249 2270 3295 habebat
2293 3249 2358 3295 od
2521 3265 2551 3306 4
2593 3265 2601 3290 ο

676 3335 901 3382 conueri
945 3341 997 3381 et
1032 3336 1103 3382 SA
1288 3351 1381 3382 sex
1420 3351 1522 3381 om.
1562 3339 1634 3383 SA
1818 3338 1984 3398 congii
2023 3339 2133 3385 SAa
2170 3337 2365 3397 congiis
2402 3338 2447 3384 R

678 3440 813 3470 urne
846 3423 944 3486 (-ς)
982 3424 1029 3471 R
1183 3423 1475 3471 extimanda
1512 3426 1556 3472 R
1710 3428 1743 3472 6
1783 3426 2018 3473 habuerit
2054 3429 2174 3475 SAR
2321 3442 2346 3486 7
2388 3426 2480 3473 fiet
2517 3427 2554 3473 A

679 3513 918 3560 insulsas
959 3513 1065 3568 (ult.
1106 3529 1131 3560 s
1163 3517 1336 3575 postea
1373 3513 1488 3570 del.)
1523 3517 1561 3562 A
1709 3516 1838 3561 inter
1864 3516 2088 3563 nonnulli
2127 3520 2172 3561 et
2194 3516 2293 3562 hoc
2319 3530 2421 3562 ras,
2461 3517 2494 3562 S

682 3604 848 3662 bagas
889 3605 927 3650 S
963 3604 1155 3650 baucas
1195 3604 1231 3650 A
1269 3603 1461 3649 bachas
1497 3618 1528 3651 e
1692 3605 1842 3651 murti
1880 3606 2001 3652 SAR
2039 3605 2171 3652 mirti
2197 3607 2261 3652 be
2301 3604 2468 3652 mirthi
2492 3618 2530 3661 g

683 3692 859 3738 cissos
884 3694 937 3739 R
960 3707 1063 3738 om.
1102 3693 1214 3739 SAa
1366 3708 1424 3739 12
1465 3693 1597 3740 idem
1634 3695 1701 3741 Sb
1853 3709 1912 3753 13
1953 3694 2120 3742 idibus
2159 3693 2349 3741 marth
2386 3696 2421 3740 S
2457 3693 2594 3740 idibu

873 3792 986 3827 xvn
1024 3779 1086 3827 ld
1123 3781 1297 3842 aprilis
1333 3783 1406 3829 SA
1445 3794 1552 3829 xvn
1591 3782 1660 3828 kl.
1701 3783 1781 3829 uel
1817 3784 1916 3830 kal.
1956 3784 2101 3844 april.
2141 3783 2222 3830 uel
2255 3799 2364 3843 apr.
2403 3785 2448 3831 R

690 3880 777 3914 xvi
808 3855 879 3916 k‘s
919 3870 964 3916 ἐξ
1004 3871 1041 3917 A
1088 3881 1175 3916 xvi
1212 3870 1281 3917 kl.
1320 3872 1400 3917 uel
1435 3871 1535 3918 kal.
1575 3887 1685 3932 apr.
1724 3874 1806 3918 uel
1840 3873 1984 3933 april.
2025 3874 2106 3918 uel
2141 3873 2182 3920 ὲ
2222 3874 2288 3935 Β;
2327 3871 2432 3918 eod.
2474 3872 2601 3918 mod·

692 3972 840 4004 nunt.
879 3959 1021 4020 sign.
1222 3962 1283 4006 16
1321 3960 1513 4007 chorus
1549 3960 1670 4008 SAR
1877 3977 1932 4022 17
1975 3978 2140 4022 equos
2178 3977 2207 4010 e
2403 3977 2465 4020 ¹9
2504 3961 2601 4020 nius

695 4046 908 4106 ninguet
947 4062 982 4107 p
1020 4048 1178 4106 ningit
1214 4051 1259 4097 R.
1453 4061 1568 4096 vnn
1606 4058 1656 4097 et
1695 4063 1786 4097 vni
1825 4052 1869 4098 R
1917 4064 2009 4098 vlu
2045 4053 2119 4098 SA
2338 4067 2403 4110 23
2444 4057 2601 4110 optun

698 4133 885 4196 pingua
926 4139 967 4185 A
1129 4138 1476 4197 proscinditur
1514 4140 1551 4186 A
1717 4156 1782 4199 24
1823 4142 1996 4199 Atque
2033 4143 2102 4188 Sa
2148 4149 2259 4200 atq:
2303 4142 2386 4188 AB
2550 4155 2600 4185 u<

878 4227 1098 4273 fecimus
1138 4224 1409 4273 Gesnerus:
1446 4226 1660 4274 facimus
1699 4230 1818 4275 SAR
