3109 5559
408 57 496 125 74
625 39 704 105 L.
739 38 890 105 Iuni
921 37 1254 105 Moderati
1285 38 1689 106 Columellae

413 216 633 304 aprica
664 216 805 283 loca
838 229 994 283 sunt
1026 216 1389 303 mollesque
1423 215 1694 296 hiemes,
1730 217 1984 302 optima
2013 230 2081 283 et
2113 217 2397 284 maxime
2431 218 2758 285 naturalis
2792 232 2896 286 est

414 322 832 403 autumnalis,
878 345 1014 410 quo
1054 336 1351 410 tempore
1394 322 1622 389 diuina
1662 323 1951 409 quadam
1991 322 2132 410 lege
2173 337 2240 390 et
2281 338 2542 391 aeterna
2581 324 2895 392 fructum

304 459 375 497 20
417 451 574 497 oum
602 428 838 496 fronde
869 430 1103 516 stirpes
1135 421 1497 517 deponunt.

282 675 369 726 11
507 683 547 725 r
591 662 741 728 Hoc
762 659 995 740 facere,
1020 659 1160 726 siue
1182 660 1614 727 uiuiradicem
1635 660 1776 727 siue
1798 660 2175 727 malleolum
2196 661 2590 742 conseueris‚
2615 683 2891 730 censen.

416 790 571 834 nam
604 767 785 833 illam
819 781 1112 833 ueterem
1146 767 1529 853 opinionem
1566 767 1908 834 damnauit
1940 789 2102 834 usus
2137 790 2273 834 non
2309 790 2450 834 esse
2485 767 2661 835 ferro
2698 769 2894 836 fran-

414 874 665 961 gendos
716 873 1056 940 anniculos
1107 872 1462 953 malleolos,
1519 873 1835 961 quoniam
1887 873 2338 953 reformident,
2394 875 2577 961 quod
2630 874 2894 943 frustra

415 979 742 1067 Vergilius
766 994 833 1047 et
857 980 988 1046 iam
1012 980 1287 1047 Saserna
1311 980 1748 1067 Stolonesque
1772 993 1839 1047 et
1860 981 2147 1048 Catones
2171 981 2557 1061 timuerunt,
2588 982 2707 1068 qui
2739 1005 2888 1049 non

339 1117 368 1167 5
415 1087 633 1154 solum
671 1087 741 1154 in
778 1109 858 1153 eo
895 1086 1217 1166 errabant,
1259 1086 1442 1173 quod
1480 1086 1679 1173 primi
1717 1087 1872 1153 anni
1910 1088 2366 1173 capillamenta
2403 1088 2741 1155 seminum
2783 1089 2893 1156 in-

412 1207 583 1262 tacta
623 1193 1059 1280 patiebantur,
1102 1194 1219 1259 sed
1258 1208 1325 1261 et
1363 1207 1516 1280 post
1554 1191 1919 1273 biennium,
1963 1216 2119 1261 cum
2157 1193 2485 1260 uiuiradix
2524 1194 2894 1262 recidenda

413 1314 570 1379 erat,
610 1322 879 1366 omnem
914 1298 1331 1387 superficiem
1367 1299 1799 1386 amputabant
1833 1301 1974 1366 solo
2010 1314 2205 1367 tenus
2242 1301 2423 1367 iuxta
2457 1300 2681 1387 ipsum
2720 1302 2890 1368 arti-

415 1406 660 1487 culum,
695 1420 770 1474 ut
799 1429 836 1473 e
868 1406 1037 1474 duro
1066 1406 1437 1493 pullularet.

501 1535 541 1581 2
585 1515 731 1581 Nos
776 1527 997 1580 autem
1042 1514 1350 1600 magister
1395 1513 1635 1580 artium
1681 1513 1907 1581 docuit
1951 1536 2113 1581 usus
2157 1514 2357 1601 primi
2400 1514 2557 1581 anni
2603 1515 2889 1582 malleo-

308 1651 374 1689 10
416 1621 634 1688 lorum
677 1619 959 1687 formare
1004 1620 1407 1687 incrementa
1451 1641 1574 1687 nec
1619 1620 1754 1707 pati
1800 1621 2006 1688 uitem
2050 1621 2477 1708 superuacuis
2520 1620 2891 1689 frondibus

415 1728 855 1795 luxuriantem
900 1727 1265 1807 siluescere,
1315 1749 1438 1794 nec
1483 1749 1711 1793 rursus
1755 1728 1826 1794 in
1872 1741 2133 1794 tantum
2178 1749 2496 1807 coercere,
2547 1742 2891 1815 quantum

415 1834 670 1921 antiqui
714 1834 1221 1921 praecipiebant,
1270 1847 1346 1901 ut
1390 1847 1601 1901 totam
1646 1832 2062 1921 superficiem
2109 1848 2549 1921 amputemuS,
2599 1857 2759 1901 nam
2811 1837 2887 1902 id

416 1941 689 2029 quidem
717 1941 1000 2008 maxime
1029 1941 1430 2008 contrarium
1458 1954 1578 2008 est:
1662 1961 1711 2024 3
1753 1941 2066 2027 primum,
2099 1942 2302 2028 quod,
2335 1963 2490 2008 cum
2519 1941 2604 2009 ad
2631 1955 2890 2009 terram

416 2047 736 2115 decideris
775 2048 1045 2127 semina,
1087 2048 1272 2115 uelut
1310 2047 1705 2114 intolerabili
1744 2047 2000 2115 adfecta
2037 2047 2311 2114 uulnere
2350 2047 2665 2134 pleraque
2705 2048 2887 2116 inte-

307 2184 367 2234 15
416 2158 630 2234 reunt;
668 2154 984 2221 nonnulla
1018 2154 1237 2234 etiam,
1276 2176 1444 2240 quae
1481 2154 1897 2240 pertinaciter
1932 2154 2260 2234 uixerunt,
2299 2155 2522 2221 minus
2556 2153 2889 2222 fecundas

416 2261 718 2329 materias
744 2261 1071 2340 adferunt3
1100 2260 1430 2347 siquidem
1455 2283 1492 2327 e
1520 2261 1688 2327 duro
1715 2283 1884 2348 quae
1910 2261 2256 2348 pullulant,
2286 2261 2589 2327 omnium
2614 2262 2887 2330 confes-

415 2369 599 2435 sione
628 2368 1038 2455 pampinaria
1066 2367 1445 2454 saepissime
1475 2367 1698 2435 fructu
1727 2381 1969 2435 carent.

502 2495 545 2558 4
587 2475 817 2542 Media
843 2475 1042 2562 igitur
1066 2475 1231 2541 ratio
1256 2475 1595 2561 sequenda
1618 2489 1736 2555 est,
1766 2488 1841 2542 ut
1866 2497 2082 2563 neque
2109 2475 2248 2541 solo
2274 2489 2470 2541 tenus
2495 2474 2888 2543 malleolum

414 2582 784 2649 recidamus
839 2604 961 2649 nec
1015 2603 1241 2647 rursus
1296 2581 1366 2647 in
1421 2582 1784 2669 longiorem
1839 2582 2178 2648 materiam
2232 2603 2695 2668 prouocemus,
2756 2584 2886 2649 sed

301 2718 371 2756 ιο
414 2688 745 2756 adnodato
781 2688 1137 2775 superioris
1171 2688 1328 2754 anni
1362 2688 1598 2775 pollice
1633 2688 1816 2754 iuxta
1849 2688 2061 2773 ipsam
2096 2688 2598 2754 commissuram
2632 2690 2887 2756 ueteris

415 2795 726 2862 sarmenti
756 2818 960 2861 unam
988 2795 1097 2861 uel
1128 2795 1292 2861 duas
1320 2816 1614 2882 gemmas
1643 2794 2113 2881 relinquemus,
2145 2817 2226 2862 ex
2255 2795 2502 2882 quibus
2529 2795 2883 2882 germinet.

490 3298 576 3336 n:
610 3282 709 3335 1—8
750 3283 889 3335 Cato
925 3298 1036 3347 agr.
1076 3294 1302 3346 33,2-3,·
1337 3280 1477 3334 Ptin.
1518 3291 1628 3334 nat.
1671 3280 1866 3346 17,r76
1901 3308 1939 3318 -
1972 3299 2009 3346 4
2052 3281 2204 3346 Verg.
2239 3298 2415 3346 georg.
2458 3280 2619 3344 2,362
2657 3308 2696 3318 -
2731 3298 2873 3346 9-21

423 3372 594 3425 Varro
618 3381 745 3424 rust.
773 3383 1052 3435 1,31,2-3,·
1075 3371 1215 3423 Ptin.
1242 3380 1352 3423 nat.
1382 3383 1577 3434 17,173

493 3600 577 3639 n:
612 3602 633 3637 1
658 3584 970 3637 conseueris
989 3584 1076 3635 Ιιλ
1094 3584 1447 3637 cunnseueris
1466 3583 1529 3637 8²
1548 3583 1899 3636 eonnseueris
1917 3582 2032 3636 S⁸A
2050 3581 2436 3647 consueuerisj
2456 3582 2838 3637 consentimus
2854 3583 2893 3637 ἰ

416 3674 764 3728 consecueris
801 3686 835 3739 ρ
873 3674 1323 3726 consueuerimus
1360 3688 1400 3738 y
1435 3672 1716 3726 consueris
1753 3688 1788 3738 9
1824 3673 2233 3725 conseuerimus
2270 3686 2311 3725 ο
2343 3698 2382 3709 -
2417 3687 2450 3725 2
2488 3672 2714 3737 opinem
2748 3673 2804 3725 A
2836 3699 2883 3711 -

414 3764 703 3816 damnabit
731 3761 801 3827 Aj
837 3789 876 3798 -
910 3763 1214 3827 tangendos
1244 3775 1395 3828 pyo-
1429 3789 1467 3799 -
1499 3780 1536 3827 4
1568 3762 1676 3814 iam
1705 3779 1804 3814 om.
1838 3762 1930 3814 SA
1963 3788 2002 3798 —
2035 3761 2315 3814 timuerim
2343 3760 2558 3814 sA¹hr¹
2586 3761 2881 3815 timuerint

415 3852 492 3905 A¹
526 3879 567 3891 ·-
603 3868 632 3918 5
675 3852 970 3905 narrabant
1006 3851 1059 3903 A
1091 3878 1130 3888 —
1165 3868 1279 3916 quo
1317 3850 1409 3904 SA
1441 3877 1482 3889 ·-
1514 3851 1549 3903 6
1589 3851 1899 3916 patiebatur
1935 3849 2045 3915 SAj
2079 3877 2118 3887 -
2152 3850 2484 3904 tibiennium
2522 3850 2563 3903 S
2596 3877 2635 3887 -
2670 3864 2704 3915 7
2742 3851 2881 3903 arti-

416 3943 604 3996 colum
626 3941 742 3995 S¹A
774 3968 813 3977 —
849 3941 882 3992 8
904 3941 1176 4006 pulularet
1198 3939 1471 4005 AhM’ryu
1504 3967 1543 3977 -
1584 3956 1649 3992 10
1671 3940 1907 3993 formare
1928 3938 2026 4006 th
2049 3939 2258 3993 formae
2279 3939 2489 4004 SAKQO
2509 3939 2717 3992 fornire
2736 3937 2803 4004 sy
2836 3966 2883 3978 —

420 4048 478 4084 11
510 4031 878 4084 luxuriantem
900 4030 953 4082 A
987 4057 1025 4067 -
1066 4045 1130 4083 12
1155 4030 1538 4095 praecipienda
1563 4029 1655 4081 SA
1687 4056 1726 4066 -
1767 4045 1828 4093 13
1856 4030 2159 4082 maximum
2183 4029 2275 4083 SA
2307 4055 2347 4066 -
2381 4046 2413 4081 a
2436 4040 2580 4081 terra
2604 4027 2697 4081 SA
2728 4054 2769 4065 -
2809 4044 2882 4094 ¹4

417 4121 630 4174 semina
653 4137 750 4173 om.
777 4120 869 4172 SA
901 4147 940 4156 —
974 4120 1142 4172 uelud
1165 4119 1218 4171 A
1249 4145 1290 4156 -
1324 4118 1672 4172 intollerabili
1693 4117 1905 4183 A¹jkry
1937 4145 1976 4154 —
2003 4128 2125 4183 post
2146 4118 2421 4171 intereunt
2445 4117 2568 4170 add.
2593 4129 2657 4170 ut
2679 4116 2807 4169 Ιιλσ
2838 4144 2885 4156 -

422 4226 482 4275 15
508 4209 872 4264 nonnulliSA
903 4235 944 4246 -
978 4206 1340 4274 uixerinthjo
1371 4234 1411 4245 -
1450 4207 1763 4261 16e0m.A
1796 4234 1834 4244 -
1870 4206 2039 4272 quiA
2072 4233 2112 4244 -
2145 4205 2698 4273 pululantAhM'py·
2730 4232 2771 4243 -
2810 4207 2881 4260 18

415 4299 733 4352 malleolum
763 4315 862 4350 om.
894 4298 947 4350 A
981 4325 1020 4336 -
1054 4314 1124 4352 20
1156 4298 1418 4351 adnotato
1445 4299 1499 4351 R
1532 4324 1571 4335 -
1605 4297 1827 4362 pollicet
1856 4295 1949 4349 SA
1966 4296 2174 4349 -iuxta
2203 4295 2413 4361 sahen
2443 4313 2611 4361 super
2633 4293 2805 4361 jnpy
2838 4322 2883 4334 -

416 4405 480 4443 21
511 4388 820 4454 germinent
844 4388 898 4440 R
