3109 5559
639 381 719 427 20
1215 382 1272 427 1..
1309 382 1454 428 IVNI
1486 382 1837 429 MODERATI
1868 383 2309 429 COLVMELLAE

638 544 966 606 Kalendas
1007 543 1305 607 Octobris
1347 544 1671 607 tredecim.
1716 551 1941 626 postea
1982 565 2381 625 superuacua
2419 553 2518 608 est
2559 545 2752 609 huius
2793 548 2888 608 rei

575 660 615 722 9
636 669 809 722 cura,
853 651 1028 730 quod
1071 650 1409 730 frigoribus
1449 651 1690 714 exclusi
1730 652 1889 733 pulli
1921 653 2295 732 plerumque
2317 652 2658 715 intereant.
2684 654 2889 716 multi

635 763 854 818 tamen
908 756 1105 819 etiam
1159 758 1244 819 ab
1298 758 1545 820 aestiuo
1598 758 1873 821 solstitio
1921 778 2051 820 non
2101 765 2338 839 putant
2389 759 2628 822 bonam
2680 761 2888 840 pulla-

633 863 897 936 tionem,
957 864 1133 944 quod
1188 864 1272 925 ab
1329 884 1405 925 eo
1462 871 1769 944 tempore,
1828 865 2026 927 etiam
2082 865 2137 927 si
2193 866 2376 927 facile
2432 867 2887 929 educationem

632 970 897 1043 habent,
925 971 1167 1032 iustum
1196 977 1413 1033 tamen
1441 990 1571 1032 non
1597 972 1862 1052 capiunt
1887 972 2372 1034 incrementum.
2400 992 2625 1034 uerum
2654 974 2886 1035 subur-
2903 991 2938 1041 5

632 1076 818 1138 banis
849 1077 1022 1149 locis,
1056 1077 1169 1138 ubi
1202 1097 1242 1138 a
1273 1085 1479 1139 matre
1512 1078 1671 1158 pulli
1702 1097 1832 1140 non
1864 1078 2110 1158 exiguis
2142 1079 2365 1159 pretiis
2397 1086 2702 1151 ueneunt,
2738 1099 2886 1159 pro-

631 1182 848 1244 banda
889 1190 987 1245 est
1032 1184 1280 1246 aestiua
1320 1184 1638 1246 educatio,
1683 1203 1933 1265 semper
1975 1192 2193 1247 autem
2236 1203 2384 1246 cum
2426 1193 2885 1266 supponuntur

630 1308 776 1362 oua,
802 1290 1186 1352 considerari
1220 1291 1479 1352 debebit
1515 1297 1589 1351 ut
1624 1291 1778 1352 luna
1812 1298 2130 1353 crescente
2165 1293 2250 1354 ab
2284 1291 2533 1354 decima
2566 1311 2771 1372 usque
2795 1293 2884 1354 ad

629 1396 926 1475 quintam
962 1396 1276 1458 decimam
1312 1396 1380 1457 id
1415 1397 1552 1459 fiat.
1592 1417 1745 1459 narn
1780 1406 1846 1460 et
1882 1397 2023 1478 ipsa
2056 1399 2415 1478 suppositio
2449 1417 2563 1479 per
2596 1399 2716 1460 hos
2751 1399 2884 1461 fere

629 1503 765 1564 dies
817 1510 914 1565 est
968 1503 1503 1575 commodissima,
1546 1510 1611 1566 et
1653 1505 1742 1566 sic
1783 1503 2365 1566 administrandum
2405 1512 2503 1567 est
2545 1511 2620 1567 ut
2661 1525 2885 1568 rursus
2906 1524 2974 1560 10

628 1628 776 1670 curn
806 1610 1237 1672 excluduntur
1263 1610 1421 1690 pulli
1451 1611 1604 1672 luna
1633 1618 1895 1673 crescat.

528 1729 606 1773 1o
710 1716 954 1778 Diebus
990 1717 1225 1796 quibus
1263 1717 1635 1778 animantur
1670 1737 1797 1779 oua
1833 1725 1898 1779 et
1937 1717 2003 1778 in
2041 1718 2315 1798 speciem
2353 1718 2691 1780 uolucrum
2732 1737 2882 1780 con-

628 1823 1007 1895 formantur,
1043 1830 1140 1885 ter
1170 1824 1451 1903 septenis
1479 1841 1643 1903 opus
1673 1831 1772 1886 est
1802 1824 2151 1903 gallinaceo
2180 1824 2413 1903 generi,
2446 1831 2516 1886 at
2549 1826 2881 1903 pauonino

626 1936 692 1991 et
728 1929 1020 1991 anserino
1055 1929 1249 2009 paulo
1285 1931 1560 2010 amplius
1595 1937 1694 1992 ter
1727 1930 2013 1992 nouenis.
2053 1949 2218 2009 quae
2252 1930 2306 1992 si
2340 1931 2602 2011 quando
2637 1931 2880 1993 fuerint

625 2037 1045 2116 supponenda
1085 2036 1354 2115 gallinis,
1398 2037 1574 2117 prius
1614 2056 1723 2098 eas
1761 2037 2065 2099 incubare
2106 2037 2326 2099 decem
2367 2037 2593 2099 diebus
2635 2037 2881 2099 fetibus
2902 2056 2966 2105 15

625 2143 995 2223 alienigenis
1021 2143 1360 2223 patiemur.
1391 2150 1534 2205 tum
1562 2144 1820 2205 demum
1849 2143 1949 2205 sui
1972 2144 2218 2223 generis
2243 2150 2556 2223 quattuor
2581 2163 2730 2216 oua,
2759 2163 2880 2206 nec

625 2250 814 2329 plura
869 2269 1065 2330 quam
1120 2250 1403 2329 quinque
1458 2249 1739 2311 fouenda
1793 2249 2119 2330 recipient,
2175 2250 2289 2312 sed
2341 2257 2407 2312 et
2462 2251 2621 2312 haec
2677 2269 2876 2330 quam

696 2501 828 2537 2—11
864 2489 944 2550 cfr
1000 2488 1167 2537 Varro
1215 2491 1345 2537 ruse.
1397 2500 1450 2549 3,
1472 2501 1523 2552 9,
1545 2487 1613 2537 16
1663 2491 1711 2536 et
1742 2486 1891 2537 Ptin.
1925 2493 2036 2538 nat.
2069 2500 2156 2546 ro,
2178 2499 2280 2549 152
2518 2501 2622 2550 7-9
2654 2488 2870 2539 Pallad.

622 2591 673 2636 1,
696 2591 781 2641 27,
804 2591 865 2634 1,·
897 2578 1058 2642 Geop.
1095 2589 1183 2638 14,
1204 2588 1257 2639 7,
1280 2590 1347 2639 14
1570 2588 1737 2623 10—12
1781 2575 1948 2626 Varro
1977 2580 2108 2626 rust.
2142 2590 2195 2638 3,
2220 2591 2271 2640 9,
2293 2590 2389 2632 1ο,’
2420 2577 2584 2641 Geop.
2619 2590 2705 2641 14,
2729 2591 2780 2641 7,
2803 2579 2873 2627 28

698 2806 719 2840 1
756 2797 953 2856 postea
983 2807 1083 2842 om.
1115 2790 1212 2839 111²
1406 2790 1483 2839 rei
1513 2807 1615 2841 om.
1646 2787 1699 2839 iz
1916 2805 1945 2839 2
1978 2791 2193 2840 excussi
2225 2798 2391 2842 αωσ
2419 2804 2489 2839 ex
2520 2806 2642 2841 cum
2673 2793 2772 2842 lac.
2803 2788 2873 2841 ¹1

619 2894 689 2929 ex
721 2881 779 2929 di
809 2876 831 2928 i
1044 2879 1207 2929 multi
1237 2874 1290 2928 R.
1319 2880 1645 2944 plerumque
1674 2874 1761 2929 SA
1795 2880 1893 2942 (cfr
1923 2881 1976 2938 8,
1998 2894 2084 2938 ro,
2106 2893 2141 2944 4
2170 2885 2218 2929 et
2249 2893 2335 2943 17,
2358 2879 2410 2942 5)
2633 2893 2665 2942 3
2695 2881 2872 2930 etiam

619 2964 724 3020 AB.
748 2969 861 3019 iarn
891 2963 927 3019 8
958 2985 1057 3020 om.
1088 2964 1146 3019 in
1337 2969 1557 3018 facilem
1586 2964 1639 3018 R.
1854 2982 1885 3031 5
1918 2982 2113 3018 uerum
2143 2968 2496 3030 suburbanis]
2530 2968 2872 3018 suburbanis

619 3072 753 3108 uero
782 3067 816 3115 p
996 3060 1030 3106 6
1059 3063 1177 3122 post
1200 3062 1381 3107 matre
1403 3058 1523 3109 add.
1557 3057 1802 3107 familias
1824 3052 1848 3105 t
2024 3071 2138 3107 non
2167 3056 2382 3121 exiguis
2403 3057 2598 3121 pretiis
2621 3063 2871 3107 ueneunt

621 3148 879 3210 (ueniunt
921 3147 1038 3217 κγ)
1084 3141 1171 3196 SR
1213 3146 1539 3211 plerumque
1579 3146 1858 3195 intereant
1894 3145 2052 3209 (pulli
2084 3151 2202 3211 post
2232 3147 2560 3210 plerumque
2588 3141 2648 3208 k)
2683 3141 2872 3196 Aah&

617 3250 732 3286 non
764 3236 979 3301 exiguis
1026 3236 1221 3299 pretiis
1270 3239 1516 3284 ueneunt
1566 3236 1894 3300 plerumque
1923 3236 2203 3285 intereant
2235 3219 2367 3304 φψ
2586 3248 2618 3299 7
2649 3235 2871 3304 aestiuo

616 3325 847 3375 ducatio
875 3318 928 3373 A
1046 3338 1174 3374 cum
1206 3339 1307 3375 om.
1340 3323 1448 3374 0²oe
1585 3324 1616 3372 8
1647 3324 1997 3373 considerare
2027 3317 2077 3371 A
2211 3323 2380 3376 debet
2409 3308 2580 3392 Ἥψῦι·
2608 3324 2819 3374 debent
2849 3319 2872 3373 1

833 3413 951 3477 a(b)
1001 3413 1216 3463 decima
1266 3412 1371 3475 (uel
1401 3413 1655 3470 decuma;
1686 3412 1903 3462 decimo
1932 3412 2182 3481 βίηφιν)
2220 3426 2394 3476 usque
2422 3407 2475 3461 R.
2504 3412 2624 3462 Pol.
2659 3413 2734 3463 ab
2765 3414 2869 3463 du-

615 3517 784 3553 cumu
835 3516 1012 3567 usque
1059 3497 1095 3553 8
1143 3501 1599 3566 abducamusque
1629 3495 1746 3570 Aep
1777 3501 2089 3551 abdecuma
2119 3501 2497 3551 abdecumaus
2525 3496 2588 3549 11¹
2769 3502 2864 3565 ad]

617 3592 677 3641 in
707 3587 769 3643 nt
983 3606 1018 3652 9
1048 3591 1363 3655 subpositio
1391 3584 1444 3639 A
1663 3603 1728 3638 10
1757 3595 1844 3640 est
1873 3585 1960 3640 SR
1988 3594 2048 3639 et
2077 3583 2127 3637 A
2359 3602 2418 3638 11
2452 3590 2808 3641 excuduntur
2837 3600 2872 3641 θ

614 3682 973 3732 excuduntur
1001 3675 1338 3749 wmolryoon
1368 3693 1507 3728 excu
1545 3679 1645 3730 lac.
1678 3682 1853 3728 untur
1880 3674 1934 3728 ii
1966 3679 2331 3729 excutiuntur
2358 3689 2389 3728 Ι

693 3784 753 3819 12
786 3771 843 3820 in
877 3786 977 3821 om.
1010 3764 1127 3820 SAo
1157 3772 1220 3817 ut
1253 3779 1305 3818 w
1437 3768 1618 3832 specie
1646 3762 1733 3817 ΒΑ
1763 3768 1940 3831 spetie
1972 3774 2037 3837 φ
2068 3768 2280 3832 species
2308 3763 2330 3816 l
2440 3767 2869 3819 conformantur

614 3853 882 3916 nahum·
915 3860 1232 3910 formantur
1259 3853 1312 3907 R.
1533 3869 1594 3918 13
1625 3857 1893 3920 septenis]
1928 3861 2142 3921 septem
2170 3865 2206 3913 9
2409 3857 2594 3922 generi
2623 3852 2710 3907 812
2739 3858 2865 3908 Pol.

613 3962 811 4013 genere
841 3942 980 4017 Atpl
1194 3947 1266 3997 ad
1296 3940 1429 3997 8¹A¹
1466 3960 1530 3995 ac
1568 3953 1737 3997 πωκ
1765 3949 1823 3995 et
1855 3952 1906 4016 γ
1939 3945 2063 4008 (exc.
2097 3939 2138 4008 t)
2171 3954 2207 4002 9
2422 3946 2710 4009 pauonino
2739 3940 2868 3997 A⁸R

614 4038 860 4102 pauonio
902 4044 1059 4108 κγω
1102 4035 1427 4101 pauonindo
1470 4043 1502 4084 ο
1543 4048 1766 4099 panone
1807 4029 1918 4084 ΒΑ*
2138 4047 2201 4097 14
2232 4034 2399 4084 fuerit
2431 4040 2482 4104 γ
2700 4048 2766 4097 15
2796 4050 2865 4086 ea

612 4121 717 4176 (ob
896 4126 1062 4177 foetis
1092 4133 1158 4175 ω
1358 4125 1422 4173 16
1452 4123 1773 4189 alienigenis
1802 4117 1925 4173 Am
1954 4122 2108 4187 genis
2135 4118 2245 4173 8A¹
2274 4124 2470 4174 alienis
2496 4120 2533 4174 ί
2563 4123 2709 4173 alien
2740 4139 2862 4176 cum

614 4215 711 4266 lac.
742 4211 795 4263 iz
842 4217 951 4265 alie
998 4215 1204 4280 ingenii
1250 4220 1321 4283 89
1369 4213 1479 4282 alie
1526 4214 1720 4278 ingens
1766 4211 1864 4260 nxl
1893 4213 1999 4262 alie
2029 4212 2215 4277 ingeni
2245 4220 2298 4263 ω
2571 4225 2635 4276 17
2666 4216 2725 4262 et
2757 4229 2860 4265 om.

610 4311 806 4373 aava
