3109 5559
464 98 546 166 54
676 77 753 145 L.
790 76 941 144 Iuni
972 76 1305 144 Moderati
1336 75 1740 144 Columellae

463 256 839 325 demersum
867 269 987 335 est,
1018 277 1174 321 cum
1201 255 1676 341 tempestiuum
1705 255 2031 334 eximitur,
2063 254 2133 321 in
2161 255 2440 322 modum
2468 255 2649 322 hami
2679 278 2909 342 repug-

461 376 573 431 nat
608 362 971 429 obluctanti
1006 361 1242 428 fossori
1276 376 1342 428 et
1376 362 1561 428 uelut
1596 382 1809 428 uncus
1842 361 2084 427 infixus
2117 362 2278 441 sole,
2317 377 2676 450 antequam
2708 377 2911 428 extra·

350 498 408 547 13
458 468 671 549 hatur,
706 469 1212 555 praerumpitur.
1249 490 1404 534 nam
1434 468 1683 554 fragilis
1713 483 1812 535 est
1843 490 1919 534 ea
1949 483 2132 553 parte
2164 469 2454 548 materia,
2489 491 2623 556 qua
2653 483 2823 536 torta
2851 481 2914 534 et

461 591 820 655 recuruata,
868 597 1023 642 cum
1067 575 1527 660 deponeretur,
1575 589 1836 660 ceperat
1880 575 2140 655 uitium;
2187 589 2458 662 propter
2502 576 2687 663 quod
2732 597 2912 661 prae·

457 682 661 751 fracta
692 683 1008 748 maiorem
1038 695 1293 767 partem
1324 682 1647 748 radicium
1676 682 1936 748 amittit.

535 810 584 872 3
626 788 759 855 Sed
787 802 862 855 ut
888 788 1309 855 incommoda
1337 788 1459 855 ista
1486 802 1907 874 praeteream,
1939 802 2113 855 certe
2142 788 2326 868 illud,
2358 790 2542 876 quod
2568 802 2670 856 est
2699 788 2911 855 inimi·

459 894 819 974 cissimum,
870 894 1280 962 dissimulare
1326 916 1607 982 nequeo,
1657 917 1814 961 nam
1859 894 2056 980 paulo
2103 910 2274 974 ante,
2324 917 2479 961 cum
2527 895 2612 962 de
2660 904 2914 961 sum'ma

341 1032 410 1071 2ο
454 1016 637 1087 parte
662 1001 974 1067 sarmenti
1000 1000 1426 1087 disputarem,
1455 1023 1660 1087 quam
1683 1002 1985 1087 sagittam
2011 1002 2304 1068 dixeram
2327 1002 2625 1081 uocitati,
2655 1001 2911 1088 collige-

459 1108 615 1175 bam
652 1108 788 1174 fere
827 1108 998 1174 intra
1035 1108 1338 1193 quintam
1375 1108 1483 1174 uel
1521 1122 1771 1174 sextam
1809 1130 2160 1195 gemmam,
2203 1131 2371 1196 quae
2409 1108 2541 1175 sint
2581 1109 2915 1195 proximae

454 1215 746 1295 ue<te>ri
780 1228 1131 1293 sarment0,
1167 1214 1462 1281 fructum
1494 1215 1704 1299 edi[i].
1795 1235 1838 1298 4
1882 1214 2051 1282 hanc
2083 1237 2238 1301 ergo
2271 1214 2631 1281 fecundam
2665 1229 2912 1302 partem

455 1322 805 1400 consumit,
858 1322 975 1408 qui
1024 1334 1416 1408 contorquet
1465 1321 1864 1400 malleolum,
1917 1321 2233 1407 quoniam
2281 1336 2347 1388 et
2395 1344 2472 1388 ea
2520 1342 2697 1407 pars,
2751 1342 2911 1408 quae

455 1428 847 1514 duplicatur,
879 1441 1012 1494 troe
1039 1449 1333 1513 gemmas
1361 1427 1468 1494 uel
1499 1441 1812 1515 quattuor
1839 1429 2095 1514 optinet
2122 1441 2189 1495 et
2217 1427 2453 1514 reliqui
2483 1428 2623 1495 duo
2653 1429 2760 1494 uel
2787 1442 2912 1494 tres

339 1565 403 1615 ²5
452 1535 770 1601 fructuari
801 1533 977 1600 oculi
1009 1534 1274 1619 penitus
1305 1534 1375 1600 in
1405 1547 1649 1601 terram
1681 1535 2144 1620 deprimuntur
2176 1535 2505 1622 mersique
2538 1558 2680 1602 non
2713 1549 2910 1601 mate—

453 1641 580 1707 rias
615 1641 732 1707 sed
769 1640 1018 1707 radices
1053 1655 1294 1707 creant.
1334 1642 1423 1706 ita
1458 1641 1701 1721 euenit,
1740 1656 1834 1720 ut,
1875 1642 2058 1728 quod
2095 1641 2164 1706 in
2199 1642 2432 1727 sagitta
2467 1663 2607 1707 non
2644 1640 2911 1708 serenda

455 1747 905 1826 uitauerimus,
946 1747 1015 1813 id
1051 1769 1407 1834 sequamur
1442 1747 1512 1813 in
1548 1747 1875 1813 eiusmodi
1912 1747 2233 1828 malleoln,
2275 1770 2476 1835 quem
2513 1770 2783 1814 necesse
2817 1759 2909 1813 eet

454 1854 821 1940 longiorem
867 1853 1100 1933 facere,
1150 1854 1207 1919 si
1253 1854 1566 1920 uolumus
1614 1854 1948 1920 detortum
1997 1854 2383 1941 depangere,
2435 1876 2558 1921 nec
2610 1854 2903 1932 dubium,

455 1960 619 2048 quin
672 1982 968 2047 gemmae
1021 1960 1346 2026 cacumini
1399 1961 1755 2046 proximae,
1812 1983 1980 2047 quae
2033 1975 2189 2027 sunt
2242 1960 2657 2042 infecundae,
2713 1962 2783 2027 in
2831 1981 2904 2025 eo

337 2097 408 2146 30
451 2068 926 2154 relinquantur;
956 2087 1037 2132 ex
1065 2066 1311 2152 quibus
1337 2067 1689 2153 pampinos
1716 2067 1924 2153 pullat
1952 2068 2059 2134 uel
2087 2067 2324 2134 sterilis
2352 2067 2459 2133 uel
2487 2083 2666 2135 certe
2695 2067 2904 2133 minus

453 2173 705 2253 feracis,
740 2195 909 2260 quos
939 2174 1164 2240 rustici
1195 2188 1436 2240 uocant
1467 2174 1875 2241 racematios.

533 2298 581 2362 5
625 2279 827 2359 Quid,
860 2279 1043 2366 quod
1071 2280 1435 2366 plurimum
1464 2281 1754 2360 interest,
1786 2295 1862 2347 ut
1891 2280 2250 2361 malleolus,
2284 2281 2402 2368 qui
2431 2281 2805 2368 deponitur,
2835 2300 2905 2344 ea

451 2401 655 2472 parte,
681 2408 813 2473 qua
832 2399 931 2453 est
952 2409 990 2452 a
1011 2401 1217 2454 matre
1239 2386 1518 2467 decisus,
1543 2387 1861 2454 coalescat
1881 2401 1948 2454 et
1968 2388 2262 2455 celeriter
2282 2388 2654 2454 cicatricem
2676 2384 2901 2453 ducat?

451 2515 606 2559 nam
640 2492 695 2558 si
731 2492 800 2558 id
833 2492 1084 2558 factum
1117 2515 1252 2559 non
1288 2508 1406 2573 est,
1442 2494 1628 2561 uelut
1660 2515 1778 2580 per
1811 2492 2120 2574 fistulam,
2158 2495 2246 2560 ita
2280 2516 2398 2581 per
2431 2509 2725 2581 apertam
2759 2491 2903 2558 uitis

341 2630 406 2678 35
455 2599 813 2665 medullam
864 2599 1111 2666 nimius
1162 2623 1357 2667 umor
1407 2600 1688 2667 trahitur
1739 2601 2051 2688 idemque
2103 2615 2415 2667 truncum
2467 2616 2678 2681 cauat,
2733 2597 2899 2666 unde

453 2705 747 2772 formicis
813 2706 1086 2793 aliisque
1153 2706 1566 2788 animalibus,
1639 2729 1806 2795 quae
1876 2707 2320 2793 putrefaciunt
2387 2729 2582 2774 crura
2647 2706 2896 2782 uitium,

453 2812 734 2879 latebrae
761 2811 1177 2898 praebentur.
1207 2813 1333 2880 hoc
1358 2828 1581 2880 autem
1605 2814 1827 2880 euenit
1852 2814 2111 2880 retortis
2136 2813 2523 2893 seminibus;
2551 2835 2708 2880 cum
2732 2811 2899 2879 enim

453 2940 572 3005 per
619 2919 1106 3004 exemptionem
1155 2920 1324 2986 imae
1372 2935 1591 3006 partoe
1638 2943 1870 2987 eorum
1919 2920 2316 3006 praefractae
2365 2934 2542 3000 sunt,
2596 2918 2897 3007 aperta[e]

454 3025 743 3091 medulla
767 3025 1192 3111 deponuntur
1215 3040 1432 3114 atque,
1461 3026 1916 3112 inrepentibus
1940 3027 2128 3115 aquis
2153 3026 2637 3114 praedictisque
2662 3024 2898 3091 anima-

336 3161 409 3210 40
453 3131 646 3211 libus,
680 3132 974 3199 celeriter
1003 3147 1371 3199 senescunt.
1465 3136 1510 3196 6
1550 3155 1751 3220 quare
1782 3134 2113 3220 pangendi
2143 3134 2395 3220 optima
2422 3148 2526 3200 est
2555 3132 2720 3199 ratio
2750 3127 2897 3197 recti

451 3237 753 3318 malleoli,
803 3238 991 3304 cuius
1037 3239 1249 3305 imum
1295 3254 1513 3326 caput,
1549 3251 1782 3326 (cum)
1817 3255 2194 3307 consertum
2224 3253 2324 3307 est
2354 3239 2616 3306 bifurco
2648 3234 2895 3325 pastini‚

451 3345 743 3430 angustis
785 3344 1089 3411 faucibus
1125 3345 1505 3413 ferramenti
1533 3346 1723 3413 facile
1753 3347 2128 3414 continetur
2156 3369 2231 3413 ac
2260 3346 2675 3433 deprimitur.
2708 3344 2897 3431 idque

449 3465 856 3517 sarmentum
891 3452 985 3519 sic
1020 3451 1397 3519 demersum
1431 3453 1627 3520 citius
1661 3453 1983 3520 coalescit:
2023 3476 2177 3519 nam
2212 3466 2278 3520 et
2313 3453 2566 3520 radices
2602 3475 2639 3520 e
2674 3450 2894 3537 capite,

447 3717 748 3782 praefracta
779 3716 842 3769 S’
874 3716 1114 3781 praefata
1146 3718 1207 3770 S¹
1240 3717 1512 3782 praefacta
1543 3719 1597 3771 A
1627 3719 1985 3783 praefractam
2019 3719 2269 3783 (-factam
2302 3717 2477 3783 may)
2510 3719 2564 3770 R
2599 3745 2638 3756 -
2679 3734 2742 3782 19
2773 3724 2890 3768 ante

446 3807 613 3872 paulo
635 3805 710 3858 A¹
743 3831 784 3842 -
818 3822 889 3858 20
911 3807 1190 3871 disputare
1212 3807 1265 3859 A
1297 3835 1336 3843 -
1371 3824 1439 3860 22
1463 3809 1637 3861 ueteri
1660 3809 1980 3874 zitu²cutpp
2004 3809 2120 3861 ueri
2144 3807 2458 3873 sahjzyen
2479 3809 2600 3860 neri
2622 3806 2655 3859 f
2682 3833 2720 3844 -
2754 3805 2891 3858 fruc-

446 3907 569 3948 tum
612 3895 699 3947 edi
742 3896 865 3948 Ber.
905 3895 1090 3948 fructu
1117 3896 1285 3948 medii
1313 3896 1456 3949 SAR
1489 3924 1526 3933 -
1564 3913 1629 3961 25
1662 3897 1944 3950 fructuarii
1971 3896 2145 3964 hjpyc
2178 3924 2217 3934 -
2251 3897 2643 3961 deprimuntur
2669 3895 2693 3948 1
2719 3892 2894 3958 depri-

447 3995 668 4037 mantur
691 3985 834 4037 SAR
867 4011 906 4021 -
940 3986 1009 4038 26
1034 3997 1095 4039 ut
1118 3985 1186 4050 ρ’
1209 3985 1306 4037 sed
1331 3985 1474 4038 SAR
1507 4014 1545 4023 -
1580 3987 1773 4051 sagitta
1796 3988 1917 4039 Ber.
1945 3988 2190 4039 salictam
2213 3986 2348 4039 SAh
2370 3986 2558 4038 salicta
2574 3985 2685 4051 jao
2716 4011 2754 4021 -
2787 3997 2891 4035 non

446 4073 677 4126 serenda
701 4074 855 4125 Pom.
884 4074 1220 4126 conseranda
1244 4074 1284 4127 S
1308 4075 1648 4128 conserando
1672 4076 1725 4128 A
1749 4075 2088 4129 conserendo
2110 4076 2164 4127 R
2198 4103 2236 4112 -
2272 4076 2340 4128 28
2366 4076 2615 4140 longiore
2640 4071 2893 4137 Amtpya

445 4190 483 4200 -
520 4180 589 4228 30
626 4162 918 4226 pampinos
955 4164 1137 4228 scripsi
1172 4164 1447 4227 panpinus
1486 4164 1579 4217 SA
1614 4166 1910 4229 pampinus
1947 4165 2001 4216 R
2035 4192 2073 4202 -
2108 4181 2170 4229 31
2217 4165 2596 4217 racemaiorios
2635 4164 2727 4217 SA
2758 4188 2795 4198 -
2829 4173 2891 4223 3²

447 4252 567 4314 quit
586 4251 661 4304 A¹
695 4278 734 4288 -
770 4251 992 4304 interest
1011 4252 1177 4305 S’AR
1195 4264 1276 4304 est
1295 4253 1356 4305 S²
1392 4279 1430 4289 -
1466 4270 1530 4317 33
1554 4271 1585 4305 a
1603 4254 1679 4306 bis
1697 4255 1736 4306 S
1769 4281 1807 4291 -
1860 4254 2088 4306 decisais
2107 4254 2169 4306 8ι
2204 4280 2242 4290 -
2279 4270 2348 4318 34
2366 4254 2535 4306 uelud
2555 4254 2608 4306 A
2642 4280 2681 4290 -
2715 4248 2888 4304 fisnssa

445 4338 560 4391 SA²
595 4367 634 4377 -
670 4341 738 4403 38
771 4341 1101 4404 praefractae
1125 4340 1150 4406 j
1184 4341 1486 4405 praefactae
1519 4342 1800 4407 SAhMya
1831 4343 2130 4407 perfractae
2162 4356 2198 4409 ρ
2230 4343 2536 4407 praefectae
2569 4358 2605 4408 c
2642 4369 2679 4379 -
2713 4347 2892 4404 aperta

0 4392 404 4533 f
439 4429 629 4493 scripsi
643 4439 829 4492 aperte
848 4429 990 4482 SAR
1024 4457 1062 4467 -
1099 4446 1167 4494 39
1186 4431 1456 4483 medullae
1465 4430 1591 4499 jfpc
1626 4459 1663 4468 -
1698 4433 1878 4497 atquis
1897 4432 1937 4485 S
1954 4433 2174 4497 autquis
2192 4433 2245 4485 A
2278 4459 2316 4469 -
2350 4449 2414 4496 41
2439 4449 2572 4484 cum
2591 4440 2894 4484 consertum

459 4586 666 4629 ““”“--ι.
