<?xml version="1.0" encoding="UTF-8"?>
<!DOCTYPE html PUBLIC "-//W3C//DTD XHTML 1.0 Transitional//EN"
    "http://www.w3.org/TR/xhtml1/DTD/xhtml1-transitional.dtd">
<html xmlns="http://www.w3.org/1999/xhtml" xml:lang="en" lang="en">
 <head>
  <title>
</title>
<meta http-equiv="Content-Type" content="text/html;charset=utf-8" />
  <meta name='ocr-system' content='tesseract 3.04.00' />
  <meta name='ocr-capabilities' content='ocr_page ocr_carea ocr_par ocr_line ocrx_word'/>
</head>
<body>
  <div class='ocr_page' id='page_1' title='image "./operaquaeexstan00hedbgoog_0518.png"; bbox 0 0 3109 5559; ppageno 0'>
   <div class='ocr_carea' id='block_1_1' title="bbox 934 220 2542 286">
    <p class='ocr_par' dir='ltr' id='par_1_1' title="bbox 934 220 2542 286">
     <span class='ocr_line' id='line_1_1' title="bbox 934 220 2542 286; baseline 0 -21"><span class='ocrx_word' id='word_1_1' title='bbox 934 221 1046 267; x_wconf 86' lang='lat' dir='ltr'>REI</span> <span class='ocrx_word' id='word_1_2' title='bbox 1082 221 1402 267; x_wconf 75' lang='lat' dir='ltr'>Rvs‘rICAE</span> <span class='ocrx_word' id='word_1_3' title='bbox 1435 220 1565 267; x_wconf 87' lang='lat' dir='ltr'><strong>LIB.</strong></span> <span class='ocrx_word' id='word_1_4' title='bbox 1600 221 1723 267; x_wconf 85' lang='lat' dir='ltr'><strong>VIII</strong></span> <span class='ocrx_word' id='word_1_5' title='bbox 1757 221 1813 267; x_wconf 89' lang='lat' dir='ltr'>C.</span> <span class='ocrx_word' id='word_1_6' title='bbox 1852 223 1933 284; x_wconf 87' lang='lat'>14</span> <span class='ocrx_word' id='word_1_7' title='bbox 2462 223 2542 286; x_wconf 86' lang='lat'>49</span> 
     </span>
    </p>
   </div>
   <div class='ocr_carea' id='block_1_2' title="bbox 196 382 2649 2166">
    <p class='ocr_par' dir='ltr' id='par_1_2' title="bbox 196 382 2649 2166">
     <span class='ocr_line' id='line_1_2' title="bbox 290 382 2540 464; baseline 0 -18"><span class='ocrx_word' id='word_1_8' title='bbox 290 384 528 446; x_wconf 86' lang='lat' dir='ltr'>aculeis</span> <span class='ocrx_word' id='word_1_9' title='bbox 571 383 814 446; x_wconf 90' lang='lat' dir='ltr'>urticae</span> <span class='ocrx_word' id='word_1_10' title='bbox 859 385 1408 463; x_wconf 89' lang='lat' dir='ltr'>conpunga[n]tur</span> <span class='ocrx_word' id='word_1_11' title='bbox 1450 389 1567 445; x_wconf 94' lang='lat' dir='ltr'>aut</span> <span class='ocrx_word' id='word_1_12' title='bbox 1612 383 1892 445; x_wconf 58' lang='lat' dir='ltr'>esuriens</span> <span class='ocrx_word' id='word_1_13' title='bbox 1936 384 2241 446; x_wconf 90' lang='lat' dir='ltr'>mittatur</span> <span class='ocrx_word' id='word_1_14' title='bbox 2283 382 2351 444; x_wconf 92' lang='lat' dir='ltr'>in</span> <span class='ocrx_word' id='word_1_15' title='bbox 2395 403 2540 464; x_wconf 89' lang='lat' dir='ltr'>pas-</span> 
     </span>
     <span class='ocr_line' id='line_1_3' title="bbox 289 489 2542 563; baseline -0 -10"><span class='ocrx_word' id='word_1_16' title='bbox 289 510 505 563; x_wconf 90' lang='lat' dir='ltr'>cuum,</span> <span class='ocrx_word' id='word_1_17' title='bbox 531 490 643 553; x_wconf 90' lang='lat' dir='ltr'>sed</span> <span class='ocrx_word' id='word_1_18' title='bbox 665 497 817 552; x_wconf 92' lang='lat' dir='ltr'>ante</span> <span class='ocrx_word' id='word_1_19' title='bbox 840 490 1107 552; x_wconf 90' lang='lat' dir='ltr'>concisis</span> <span class='ocrx_word' id='word_1_20' title='bbox 1126 489 1372 552; x_wconf 86' lang='lat' dir='ltr'><strong>intubis</strong></span> <span class='ocrx_word' id='word_1_21' title='bbox 1391 490 1497 552; x_wconf 92' lang='lat' dir='ltr'>uel</span> <span class='ocrx_word' id='word_1_22' title='bbox 1517 490 1807 552; x_wconf 86' lang='lat' dir='ltr'>lactucae</span> <span class='ocrx_word' id='word_1_23' title='bbox 1831 489 1996 551; x_wconf 81' lang='lat' dir='ltr'>foliis</span> <span class='ocrx_word' id='word_1_24' title='bbox 2016 496 2361 552; x_wconf 90' lang='lat' dir='ltr'>saturetur.</span> <span class='ocrx_word' id='word_1_25' title='bbox 2387 509 2542 552; x_wconf 92' lang='lat' dir='ltr'>nam</span> 
     </span>
     <span class='ocr_line' id='line_1_4' title="bbox 290 595 2539 677; baseline -0 -18"><span class='ocrx_word' id='word_1_26' title='bbox 290 598 347 659; x_wconf 88' lang='lat' dir='ltr'>si</span> <span class='ocrx_word' id='word_1_27' title='bbox 379 598 590 658; x_wconf 90' lang='lat' dir='ltr'>adhuc</span> <span class='ocrx_word' id='word_1_28' title='bbox 621 616 851 677; x_wconf 90' lang='lat' dir='ltr'>parum</span> <span class='ocrx_word' id='word_1_29' title='bbox 885 596 1110 658; x_wconf 81' lang='lat' dir='ltr'>firmus</span> <span class='ocrx_word' id='word_1_30' title='bbox 1140 596 1431 676; x_wconf 87' lang='lat' dir='ltr'>indigens</span> <span class='ocrx_word' id='word_1_31' title='bbox 1461 595 1750 658; x_wconf 88' lang='lat' dir='ltr'>ciborum</span> <span class='ocrx_word' id='word_1_32' title='bbox 1784 596 2074 675; x_wconf 88' lang='lat' dir='ltr'>peruenit</span> <span class='ocrx_word' id='word_1_33' title='bbox 2107 596 2173 657; x_wconf 92' lang='lat' dir='ltr'>in</span> <span class='ocrx_word' id='word_1_34' title='bbox 2205 616 2539 675; x_wconf 88' lang='lat' dir='ltr'>pascuum,</span> 
     </span>
     <span class='ocr_line' id='line_1_5' title="bbox 292 702 2541 782; baseline 0 -17"><span class='ocrx_word' id='word_1_35' title='bbox 292 704 633 765; x_wconf 82' lang='lat' dir='ltr'>fruticibus</span> <span class='ocrx_word' id='word_1_36' title='bbox 664 711 780 765; x_wconf 92' lang='lat' dir='ltr'>aut</span> <span class='ocrx_word' id='word_1_37' title='bbox 813 702 1215 765; x_wconf 86' lang='lat' dir='ltr'>solidioribus</span> <span class='ocrx_word' id='word_1_38' title='bbox 1246 703 1460 764; x_wconf 88' lang='lat' dir='ltr'>herbis</span> <span class='ocrx_word' id='word_1_39' title='bbox 1492 703 1865 765; x_wconf 89' lang='lat' dir='ltr'>obluctatur</span> <span class='ocrx_word' id='word_1_40' title='bbox 1895 703 1989 765; x_wconf 92' lang='lat' dir='ltr'>ita</span> <span class='ocrx_word' id='word_1_41' title='bbox 2021 703 2434 782; x_wconf 83' lang='lat' dir='ltr'>pertinaciter</span> <span class='ocrx_word' id='word_1_42' title='bbox 2466 710 2541 765; x_wconf 90' lang='lat' dir='ltr'>ut</span> 
     </span>
     <span class='ocr_line' id='line_1_6' title="bbox 230 809 2544 889; baseline -0 -18"><span class='ocrx_word' id='word_1_43' title='bbox 230 828 265 878; x_wconf 84' lang='grc'><strong><em>5</em></strong></span> <span class='ocrx_word' id='word_1_44' title='bbox 291 810 532 872; x_wconf 93' lang='lat' dir='ltr'>collum</span> <span class='ocrx_word' id='word_1_45' title='bbox 568 809 935 889; x_wconf 89' lang='lat' dir='ltr'>abrumpat.</span> <span class='ocrx_word' id='word_1_46' title='bbox 974 809 1222 871; x_wconf 89' lang='lat' dir='ltr'>milium</span> <span class='ocrx_word' id='word_1_47' title='bbox 1259 828 1515 889; x_wconf 89' lang='lat' dir='ltr'>quoque</span> <span class='ocrx_word' id='word_1_48' title='bbox 1551 815 1668 871; x_wconf 94' lang='lat' dir='ltr'>aut</span> <span class='ocrx_word' id='word_1_49' title='bbox 1705 809 1904 871; x_wconf 91' lang='lat' dir='ltr'>etiam</span> <span class='ocrx_word' id='word_1_50' title='bbox 1941 809 2228 871; x_wconf 90' lang='lat' dir='ltr'>triticum</span> <span class='ocrx_word' id='word_1_51' title='bbox 2265 810 2544 872; x_wconf 86' lang='lat' dir='ltr'>mixtum</span> 
     </span>
     <span class='ocr_line' id='line_1_7' title="bbox 290 916 2544 996; baseline -0 -19"><span class='ocrx_word' id='word_1_52' title='bbox 290 936 443 978; x_wconf 88' lang='lat' dir='ltr'>cum</span> <span class='ocrx_word' id='word_1_53' title='bbox 470 935 642 996; x_wconf 90' lang='lat' dir='ltr'>aqua</span> <span class='ocrx_word' id='word_1_54' title='bbox 668 923 839 978; x_wconf 90' lang='lat' dir='ltr'>recte</span> <span class='ocrx_word' id='word_1_55' title='bbox 866 916 1227 995; x_wconf 88' lang='lat' dir='ltr'>praebetur.</span> <span class='ocrx_word' id='word_1_56' title='bbox 1259 923 1457 995; x_wconf 89' lang='lat' dir='ltr'>atque</span> <span class='ocrx_word' id='word_1_57' title='bbox 1484 916 1598 977; x_wconf 91' lang='lat' dir='ltr'>ubi</span> <span class='ocrx_word' id='word_1_58' title='bbox 1625 916 1891 994; x_wconf 92' lang='lat' dir='ltr'>paulum</span> <span class='ocrx_word' id='word_1_59' title='bbox 1919 935 1987 977; x_wconf 90' lang='lat' dir='ltr'>se</span> <span class='ocrx_word' id='word_1_60' title='bbox 2015 916 2447 988; x_wconf 79' lang='lat' dir='ltr'>confirmauit,</span> <span class='ocrx_word' id='word_1_61' title='bbox 2478 916 2544 976; x_wconf 91' lang='lat' dir='ltr'>in</span> 
     </span>
     <span class='ocr_line' id='line_1_8' title="bbox 289 1022 2544 1102; baseline -0 -18"><span class='ocrx_word' id='word_1_62' title='bbox 289 1042 546 1102; x_wconf 87' lang='lat' dir='ltr'>gregem</span> <span class='ocrx_word' id='word_1_63' title='bbox 589 1022 1032 1102; x_wconf 85' lang='lat' dir='ltr'>coaequalium</span> <span class='ocrx_word' id='word_1_64' title='bbox 1073 1022 1455 1101; x_wconf 87' lang='lat' dir='ltr'>conpellitur</span> <span class='ocrx_word' id='word_1_65' title='bbox 1496 1028 1562 1083; x_wconf 91' lang='lat' dir='ltr'>et</span> <span class='ocrx_word' id='word_1_66' title='bbox 1605 1023 1845 1084; x_wconf 90' lang='lat' dir='ltr'>hordeo</span> <span class='ocrx_word' id='word_1_67' title='bbox 1889 1022 2100 1084; x_wconf 91' lang='lat' dir='ltr'>alitur.</span> <span class='ocrx_word' id='word_1_68' title='bbox 2147 1023 2324 1102; x_wconf 93' lang='lat' dir='ltr'>quod</span> <span class='ocrx_word' id='word_1_69' title='bbox 2365 1029 2432 1084; x_wconf 89' lang='lat' dir='ltr'>et</span> <span class='ocrx_word' id='word_1_70' title='bbox 2478 1022 2544 1083; x_wconf 93' lang='lat' dir='ltr'>in</span> 
     </span>
     <span class='ocr_line' id='line_1_9' title="bbox 290 1128 1560 1209; baseline 0 -19"><span class='ocrx_word' id='word_1_71' title='bbox 290 1128 671 1191; x_wconf 90' lang='lat' dir='ltr'>matricibus</span> <span class='ocrx_word' id='word_1_72' title='bbox 698 1129 999 1209; x_wconf 88' lang='lat' dir='ltr'>praebere</span> <span class='ocrx_word' id='word_1_73' title='bbox 1029 1147 1159 1190; x_wconf 93' lang='lat' dir='ltr'>non</span> <span class='ocrx_word' id='word_1_74' title='bbox 1187 1128 1413 1190; x_wconf 89' lang='lat' dir='ltr'>inutile</span> <span class='ocrx_word' id='word_1_75' title='bbox 1441 1135 1560 1190; x_wconf 89' lang='lat' dir='ltr'>est.</span> 
     </span>
     <span class='ocr_line' id='line_1_10' title="bbox 378 1234 2604 1314; baseline 0 -18"><span class='ocrx_word' id='word_1_76' title='bbox 378 1236 594 1297; x_wconf 89' lang='lat' dir='ltr'>Pullos</span> <span class='ocrx_word' id='word_1_77' title='bbox 644 1242 863 1296; x_wconf 89' lang='lat' dir='ltr'>autem</span> <span class='ocrx_word' id='word_1_78' title='bbox 911 1254 1042 1297; x_wconf 91' lang='lat' dir='ltr'>non</span> <span class='ocrx_word' id='word_1_79' title='bbox 1090 1234 1350 1314; x_wconf 82' lang='lat' dir='ltr'>expedit</span> <span class='ocrx_word' id='word_1_80' title='bbox 1401 1235 1613 1314; x_wconf 89' lang='lat' dir='ltr'>plures</span> <span class='ocrx_word' id='word_1_81' title='bbox 1662 1234 1730 1295; x_wconf 92' lang='lat' dir='ltr'>in</span> <span class='ocrx_word' id='word_1_82' title='bbox 1778 1234 2059 1314; x_wconf 87' lang='lat' dir='ltr'>singulas</span> <span class='ocrx_word' id='word_1_83' title='bbox 2106 1235 2298 1296; x_wconf 91' lang='lat' dir='ltr'>haras</span> <span class='ocrx_word' id='word_1_84' title='bbox 2347 1253 2546 1314; x_wconf 91' lang='lat' dir='ltr'>quam</span> <span class='ocrx_word' id='word_1_85' title='bbox 2566 1247 2604 1310; x_wconf 91' lang='lat'>9</span> 
     </span>
     <span class='ocr_line' id='line_1_11' title="bbox 196 1340 2548 1421; baseline 0.002 -24"><span class='ocrx_word' id='word_1_86' title='bbox 196 1362 270 1398; x_wconf 90' lang='lat'>10</span> <span class='ocrx_word' id='word_1_87' title='bbox 292 1340 558 1421; x_wconf 89' lang='lat' dir='ltr'>uigenos</span> <span class='ocrx_word' id='word_1_88' title='bbox 586 1341 773 1413; x_wconf 90' lang='lat' dir='ltr'>adici,</span> <span class='ocrx_word' id='word_1_89' title='bbox 794 1360 910 1403; x_wconf 91' lang='lat' dir='ltr'>nec</span> <span class='ocrx_word' id='word_1_90' title='bbox 939 1360 1155 1403; x_wconf 91' lang='lat' dir='ltr'>rursus</span> <span class='ocrx_word' id='word_1_91' title='bbox 1182 1341 1444 1402; x_wconf 90' lang='lat' dir='ltr'>omnino</span> <span class='ocrx_word' id='word_1_92' title='bbox 1472 1360 1620 1402; x_wconf 90' lang='lat' dir='ltr'>cum</span> <span class='ocrx_word' id='word_1_93' title='bbox 1648 1341 1934 1402; x_wconf 91' lang='lat' dir='ltr'>maribus</span> <span class='ocrx_word' id='word_1_94' title='bbox 1957 1341 2217 1413; x_wconf 92' lang='lat' dir='ltr'>includi,</span> <span class='ocrx_word' id='word_1_95' title='bbox 2239 1340 2548 1420; x_wconf 88' lang='lat' dir='ltr'>quoniam</span> 
     </span>
     <span class='ocr_line' id='line_1_12' title="bbox 292 1447 2548 1527; baseline 0 -18"><span class='ocrx_word' id='word_1_96' title='bbox 292 1448 568 1510; x_wconf 90' lang='lat' dir='ltr'>ualidior</span> <span class='ocrx_word' id='word_1_97' title='bbox 591 1454 813 1509; x_wconf 90' lang='lat' dir='ltr'>enecat</span> <span class='ocrx_word' id='word_1_98' title='bbox 838 1447 1187 1509; x_wconf 87' lang='lat' dir='ltr'>infirmum.</span> <span class='ocrx_word' id='word_1_99' title='bbox 1217 1448 1408 1509; x_wconf 91' lang='lat' dir='ltr'>cellas</span> <span class='ocrx_word' id='word_1_100' title='bbox 1430 1447 1497 1509; x_wconf 92' lang='lat' dir='ltr'>in</span> <span class='ocrx_word' id='word_1_101' title='bbox 1522 1447 1758 1527; x_wconf 91' lang='lat' dir='ltr'>quibus</span> <span class='ocrx_word' id='word_1_102' title='bbox 1781 1447 2145 1509; x_wconf 92' lang='lat' dir='ltr'>incubitant</span> <span class='ocrx_word' id='word_1_103' title='bbox 2171 1447 2548 1509; x_wconf 89' lang='lat' dir='ltr'>siccissimas</span> 
     </span>
     <span class='ocr_line' id='line_1_13' title="bbox 292 1553 2545 1634; baseline -0 -18"><span class='ocrx_word' id='word_1_104' title='bbox 292 1574 430 1616; x_wconf 90' lang='lat' dir='ltr'>esse</span> <span class='ocrx_word' id='word_1_105' title='bbox 468 1561 721 1634; x_wconf 89' lang='lat' dir='ltr'>oportet</span> <span class='ocrx_word' id='word_1_106' title='bbox 758 1554 1242 1633; x_wconf 89' lang='lat' dir='ltr'>substratuique</span> <span class='ocrx_word' id='word_1_107' title='bbox 1277 1554 1514 1615; x_wconf 89' lang='lat' dir='ltr'>habere</span> <span class='ocrx_word' id='word_1_108' title='bbox 1550 1553 1769 1633; x_wconf 89' lang='lat' dir='ltr'>paleas</span> <span class='ocrx_word' id='word_1_109' title='bbox 1804 1555 1927 1626; x_wconf 87' lang='lat' dir='ltr'>uel,</span> <span class='ocrx_word' id='word_1_110' title='bbox 1967 1554 2020 1616; x_wconf 90' lang='lat' dir='ltr'>si</span> <span class='ocrx_word' id='word_1_111' title='bbox 2056 1573 2168 1616; x_wconf 89' lang='lat' dir='ltr'>eae</span> <span class='ocrx_word' id='word_1_112' title='bbox 2204 1572 2335 1615; x_wconf 93' lang='lat' dir='ltr'>non</span> <span class='ocrx_word' id='word_1_113' title='bbox 2372 1559 2545 1625; x_wconf 86' lang='lat' dir='ltr'>sunt,</span> 
     </span>
     <span class='ocr_line' id='line_1_14' title="bbox 295 1659 2551 1740; baseline -0 -18"><span class='ocrx_word' id='word_1_114' title='bbox 295 1660 841 1738; x_wconf 88' lang='lat' dir='ltr'>crassi&lt;ssi&gt;mum</span> <span class='ocrx_word' id='word_1_115' title='bbox 893 1679 1149 1740; x_wconf 89' lang='lat' dir='ltr'>quoque</span> <span class='ocrx_word' id='word_1_116' title='bbox 1200 1660 1480 1722; x_wconf 86' lang='lat' dir='ltr'>foenum.</span> <span class='ocrx_word' id='word_1_117' title='bbox 1535 1667 1748 1722; x_wconf 92' lang='lat' dir='ltr'>cetera</span> <span class='ocrx_word' id='word_1_118' title='bbox 1798 1659 2022 1722; x_wconf 90' lang='lat' dir='ltr'>eadem</span> <span class='ocrx_word' id='word_1_119' title='bbox 2074 1679 2240 1739; x_wconf 89' lang='lat' dir='ltr'>quae</span> <span class='ocrx_word' id='word_1_120' title='bbox 2291 1660 2359 1721; x_wconf 91' lang='lat' dir='ltr'>in</span> <span class='ocrx_word' id='word_1_121' title='bbox 2410 1659 2551 1721; x_wconf 90' lang='lat' dir='ltr'>aliis</span> 
     </span>
     <span class='ocr_line' id='line_1_15' title="bbox 292 1766 2550 1847; baseline 0 -20"><span class='ocrx_word' id='word_1_122' title='bbox 292 1767 632 1847; x_wconf 88' lang='lat' dir='ltr'>generibus</span> <span class='ocrx_word' id='word_1_123' title='bbox 659 1767 978 1846; x_wconf 90' lang='lat' dir='ltr'>pullorum</span> <span class='ocrx_word' id='word_1_124' title='bbox 1009 1766 1327 1828; x_wconf 90' lang='lat' dir='ltr'>seruanda</span> <span class='ocrx_word' id='word_1_125' title='bbox 1353 1773 1526 1838; x_wconf 91' lang='lat' dir='ltr'>sunt,</span> <span class='ocrx_word' id='word_1_126' title='bbox 1555 1786 1637 1827; x_wconf 89' lang='lat' dir='ltr'>ne</span> <span class='ocrx_word' id='word_1_127' title='bbox 1664 1767 1942 1839; x_wconf 88' lang='lat' dir='ltr'>coluber,</span> <span class='ocrx_word' id='word_1_128' title='bbox 1972 1786 2052 1828; x_wconf 90' lang='lat' dir='ltr'>ne</span> <span class='ocrx_word' id='word_1_129' title='bbox 2081 1766 2302 1845; x_wconf 88' lang='lat' dir='ltr'>uipera</span> <span class='ocrx_word' id='word_1_130' title='bbox 2330 1766 2550 1828; x_wconf 81' lang='lat' dir='ltr'>faeles-</span> 
     </span>
     <span class='ocr_line' id='line_1_16' title="bbox 198 1872 2552 1953; baseline 0.001 -21"><span class='ocrx_word' id='word_1_131' title='bbox 198 1894 270 1944; x_wconf 82' lang='lat'>15</span> <span class='ocrx_word' id='word_1_132' title='bbox 295 1892 422 1953; x_wconf 95' lang='lat' dir='ltr'>que</span> <span class='ocrx_word' id='word_1_133' title='bbox 461 1881 574 1935; x_wconf 91' lang='lat' dir='ltr'>aut</span> <span class='ocrx_word' id='word_1_134' title='bbox 614 1873 813 1935; x_wconf 90' lang='lat' dir='ltr'>etiam</span> <span class='ocrx_word' id='word_1_135' title='bbox 849 1873 1125 1935; x_wconf 88' lang='lat' dir='ltr'>mustela</span> <span class='ocrx_word' id='word_1_136' title='bbox 1162 1872 1365 1952; x_wconf 89' lang='lat' dir='ltr'>possit</span> <span class='ocrx_word' id='word_1_137' title='bbox 1405 1873 1706 1953; x_wconf 89' lang='lat' dir='ltr'>aspirare,</span> <span class='ocrx_word' id='word_1_138' title='bbox 1747 1892 1912 1953; x_wconf 93' lang='lat' dir='ltr'>quae</span> <span class='ocrx_word' id='word_1_139' title='bbox 1951 1872 2080 1935; x_wconf 81' lang='lat' dir='ltr'>fere</span> <span class='ocrx_word' id='word_1_140' title='bbox 2117 1872 2429 1953; x_wconf 88' lang='lat' dir='ltr'>pernicies</span> <span class='ocrx_word' id='word_1_141' title='bbox 2467 1872 2552 1934; x_wconf 91' lang='lat' dir='ltr'>ad</span> 
     </span>
     <span class='ocr_line' id='line_1_17' title="bbox 294 1979 1539 2060; baseline -0.001 -19"><span class='ocrx_word' id='word_1_142' title='bbox 294 1979 795 2041; x_wconf 88' lang='lat' dir='ltr'>internecionem</span> <span class='ocrx_word' id='word_1_143' title='bbox 822 1985 1237 2060; x_wconf 89' lang='lat' dir='ltr'>prosternunt</span> <span class='ocrx_word' id='word_1_144' title='bbox 1266 1986 1539 2041; x_wconf 89' lang='lat' dir='ltr'>teneros.</span> 
     </span>
     <span class='ocr_line' id='line_1_18' title="bbox 379 2085 2649 2166; baseline -0.003 -17"><span class='ocrx_word' id='word_1_145' title='bbox 379 2087 542 2149; x_wconf 91' lang='lat' dir='ltr'>Sunt</span> <span class='ocrx_word' id='word_1_146' title='bbox 568 2086 680 2165; x_wconf 95' lang='lat' dir='ltr'>qui</span> <span class='ocrx_word' id='word_1_147' title='bbox 702 2086 1013 2150; x_wconf 90' lang='lat' dir='ltr'>hordeum</span> <span class='ocrx_word' id='word_1_148' title='bbox 1036 2092 1433 2147; x_wconf 89' lang='lat' dir='ltr'>maceratum</span> <span class='ocrx_word' id='word_1_149' title='bbox 1452 2085 1910 2147; x_wconf 90' lang='lat' dir='ltr'>incubantibus</span> <span class='ocrx_word' id='word_1_150' title='bbox 1928 2085 2283 2166; x_wconf 87' lang='lat' dir='ltr'>adponant,</span> <span class='ocrx_word' id='word_1_151' title='bbox 2304 2104 2420 2147; x_wconf 88' lang='lat' dir='ltr'>nec</span> <span class='ocrx_word' id='word_1_152' title='bbox 2440 2104 2551 2165; x_wconf 89' lang='lat' dir='ltr'>pa·</span> <span class='ocrx_word' id='word_1_153' title='bbox 2574 2100 2649 2144; x_wconf 89' lang='lat'>10</span> 
     </span>
    </p>
   </div>
   <div class='ocr_carea' id='block_1_3' title="bbox 308 2197 740 2206">
    <p class='ocr_par' dir='ltr' id='par_1_3' title="bbox 308 2197 740 2206">
     <span class='ocr_line' id='line_1_19' title="bbox 308 2197 740 2206; baseline 0 0"><span class='ocrx_word' id='word_1_154' title='bbox 308 2197 740 2206; x_wconf 95' lang='lat' dir='ltr'> </span> 
     </span>
    </p>
   </div>
   <div class='ocr_carea' id='block_1_4' title="bbox 293 2231 2552 2386">
    <p class='ocr_par' dir='ltr' id='par_1_4' title="bbox 293 2231 2552 2386">
     <span class='ocr_line' id='line_1_20' title="bbox 368 2231 2550 2297; baseline 0 -17"><span class='ocrx_word' id='word_1_155' title='bbox 368 2245 471 2294; x_wconf 84' lang='lat'>3-5</span> <span class='ocrx_word' id='word_1_156' title='bbox 514 2232 680 2282; x_wconf 78' lang='lat' dir='ltr'>Varro</span> <span class='ocrx_word' id='word_1_157' title='bbox 710 2238 844 2282; x_wconf 80' lang='lat' dir='ltr'>rust.</span> <span class='ocrx_word' id='word_1_158' title='bbox 876 2244 929 2293; x_wconf 85' lang='grc'><strong><em>3,</em></strong></span> <span class='ocrx_word' id='word_1_159' title='bbox 951 2245 1037 2290; x_wconf 80' lang='lat' dir='ltr'>Io,</span> <span class='ocrx_word' id='word_1_160' title='bbox 1059 2244 1094 2293; x_wconf 83' lang='grc'><em>5</em></span> <span class='ocrx_word' id='word_1_161' title='bbox 1309 2234 1415 2294; x_wconf 86' lang='grc'>5-6</span> <span class='ocrx_word' id='word_1_162' title='bbox 1454 2231 1622 2281; x_wconf 83' lang='lat' dir='ltr'>Varro</span> <span class='ocrx_word' id='word_1_163' title='bbox 1652 2237 1792 2281; x_wconf 79' lang='lat' dir='ltr'>rust.</span> <span class='ocrx_word' id='word_1_164' title='bbox 1825 2245 1879 2294; x_wconf 88' lang='grc'><strong><em>3,</em></strong></span> <span class='ocrx_word' id='word_1_165' title='bbox 1901 2244 1988 2290; x_wconf 79' lang='grc' dir='ltr'><strong><em>Ιο,</em></strong></span> <span class='ocrx_word' id='word_1_166' title='bbox 2013 2231 2073 2288; x_wconf 87' lang='grc'>6,·</span> <span class='ocrx_word' id='word_1_167' title='bbox 2106 2232 2267 2297; x_wconf 81' lang='lat' dir='ltr'>Geop.</span> <span class='ocrx_word' id='word_1_168' title='bbox 2301 2244 2388 2294; x_wconf 80' lang='lat'>14,</span> <span class='ocrx_word' id='word_1_169' title='bbox 2410 2244 2495 2289; x_wconf 80' lang='lat'>22,</span> <span class='ocrx_word' id='word_1_170' title='bbox 2519 2231 2550 2281; x_wconf 87' lang='lat'><strong>6</strong></span> 
     </span>
     <span class='ocr_line' id='line_1_21' title="bbox 293 2320 2552 2386; baseline 0 -17"><span class='ocrx_word' id='word_1_171' title='bbox 293 2323 439 2381; x_wconf 88' lang='lat'>9—16</span> <span class='ocrx_word' id='word_1_172' title='bbox 478 2320 646 2370; x_wconf 80' lang='lat' dir='ltr'>Varro</span> <span class='ocrx_word' id='word_1_173' title='bbox 670 2326 801 2370; x_wconf 72' lang='lat' dir='ltr'>rust.</span> <span class='ocrx_word' id='word_1_174' title='bbox 822 2334 874 2383; x_wconf 87' lang='grc'>3,</span> <span class='ocrx_word' id='word_1_175' title='bbox 897 2335 986 2379; x_wconf 79' lang='grc' dir='ltr'><strong><em>ιο,</em></strong></span> <span class='ocrx_word' id='word_1_176' title='bbox 1011 2334 1045 2384; x_wconf 87' lang='lat'><em>4</em></span> <span class='ocrx_word' id='word_1_177' title='bbox 1199 2334 1386 2383; x_wconf 85' lang='lat'>17-50:</span> <span class='ocrx_word' id='word_1_178' title='bbox 1409 2337 1441 2383; x_wconf 83' lang='lat'>4</span> <span class='ocrx_word' id='word_1_179' title='bbox 1476 2320 1643 2371; x_wconf 79' lang='lat' dir='ltr'>Varro</span> <span class='ocrx_word' id='word_1_180' title='bbox 1666 2326 1796 2370; x_wconf 73' lang='lat' dir='ltr'>rust.</span> <span class='ocrx_word' id='word_1_181' title='bbox 1818 2334 1870 2383; x_wconf 87' lang='grc'>3,</span> <span class='ocrx_word' id='word_1_182' title='bbox 1893 2334 1978 2379; x_wconf 82' lang='lat' dir='ltr'>ro,</span> <span class='ocrx_word' id='word_1_183' title='bbox 2002 2320 2066 2377; x_wconf 87' lang='grc'><strong><em>6,·</em></strong></span> <span class='ocrx_word' id='word_1_184' title='bbox 2090 2321 2251 2386; x_wconf 81' lang='lat' dir='ltr'>Geop.</span> <span class='ocrx_word' id='word_1_185' title='bbox 2273 2334 2360 2384; x_wconf 78' lang='lat'>14,</span> <span class='ocrx_word' id='word_1_186' title='bbox 2377 2334 2465 2378; x_wconf 82' lang='lat'>22,</span> <span class='ocrx_word' id='word_1_187' title='bbox 2483 2334 2552 2370; x_wconf 81' lang='lat' dir='ltr'>ro</span> 
     </span>
    </p>
   </div>
   <div class='ocr_carea' id='block_1_5' title="bbox 302 2410 731 2419">
    <p class='ocr_par' dir='ltr' id='par_1_5' title="bbox 302 2410 731 2419">
     <span class='ocr_line' id='line_1_22' title="bbox 302 2410 731 2419; baseline 0 0"><span class='ocrx_word' id='word_1_188' title='bbox 302 2410 731 2419; x_wconf 95' lang='lat' dir='ltr'> </span> 
     </span>
    </p>
   </div>
   <div class='ocr_carea' id='block_1_6' title="bbox 292 2438 2557 3581">
    <p class='ocr_par' dir='ltr' id='par_1_6' title="bbox 292 2438 2555 3042">
     <span class='ocr_line' id='line_1_23' title="bbox 375 2438 2554 2509; baseline 0 -15"><span class='ocrx_word' id='word_1_189' title='bbox 375 2460 396 2494; x_wconf 91' lang='lat'>1</span> <span class='ocrx_word' id='word_1_190' title='bbox 432 2449 823 2509; x_wconf 86' lang='lat' dir='ltr'>conpungatur</span> <span class='ocrx_word' id='word_1_191' title='bbox 853 2445 933 2495; x_wconf 77' lang='lat' dir='ltr'>ed.</span> <span class='ocrx_word' id='word_1_192' title='bbox 966 2444 1112 2495; x_wconf 80' lang='lat' dir='ltr'>Ald.:</span> <span class='ocrx_word' id='word_1_193' title='bbox 1143 2450 1579 2509; x_wconf 84' lang='lat' dir='ltr'>conpungantur</span> <span class='ocrx_word' id='word_1_194' title='bbox 1607 2445 1758 2495; x_wconf 82' lang='lat' dir='ltr'>codd.</span> <span class='ocrx_word' id='word_1_195' title='bbox 1951 2446 2198 2495; x_wconf 55' lang='lat' dir='ltr'>esuriens</span> <span class='ocrx_word' id='word_1_196' title='bbox 2226 2438 2277 2494; x_wconf 79' lang='lat' dir='ltr'>A</span> <span class='ocrx_word' id='word_1_197' title='bbox 2306 2445 2554 2495; x_wconf 88' lang='lat' dir='ltr'>esuriens</span> 
     </span>
     <span class='ocr_line' id='line_1_24' title="bbox 294 2519 2551 2603; baseline 0 -20"><span class='ocrx_word' id='word_1_198' title='bbox 294 2532 386 2583; x_wconf 78' lang='lat' dir='ltr'>uel</span> <span class='ocrx_word' id='word_1_199' title='bbox 407 2534 664 2583; x_wconf 84' lang='lat' dir='ltr'>exuriens</span> <span class='ocrx_word' id='word_1_200' title='bbox 686 2529 738 2584; x_wconf 74' lang='lat' dir='ltr'><strong>R</strong></span> <span class='ocrx_word' id='word_1_201' title='bbox 758 2535 972 2583; x_wconf 56' lang='lat' dir='ltr'>esuries</span> <span class='ocrx_word' id='word_1_202' title='bbox 994 2528 1030 2583; x_wconf 77' lang='grc' dir='ltr'><strong><em>Β</em></strong></span> <span class='ocrx_word' id='word_1_203' title='bbox 1051 2535 1358 2584; x_wconf 83' lang='lat' dir='ltr'>esurientes</span> <span class='ocrx_word' id='word_1_204' title='bbox 1378 2542 1414 2591; x_wconf 68' lang='grc' dir='ltr'><em>υ</em></span> <span class='ocrx_word' id='word_1_205' title='bbox 1583 2548 1613 2583; x_wconf 88' lang='lat'><em>2</em></span> <span class='ocrx_word' id='word_1_206' title='bbox 1645 2535 1743 2585; x_wconf 84' lang='lat' dir='ltr'>sed</span> <span class='ocrx_word' id='word_1_207' title='bbox 1766 2538 1900 2584; x_wconf 88' lang='lat' dir='ltr'>ante</span> <span class='ocrx_word' id='word_1_208' title='bbox 1926 2571 1939 2583; x_wconf 88' lang='lat'>.</span> <span class='ocrx_word' id='word_1_209' title='bbox 1968 2572 1981 2584; x_wconf 89' lang='lat'><strong><em>.</em></strong></span> <span class='ocrx_word' id='word_1_210' title='bbox 2010 2572 2023 2584; x_wconf 91' lang='lat'><strong>.</strong></span> <span class='ocrx_word' id='word_1_211' title='bbox 2048 2537 2333 2584; x_wconf 86' lang='lat' dir='ltr'>saturetur</span> <span class='ocrx_word' id='word_1_212' title='bbox 2357 2549 2459 2583; x_wconf 89' lang='lat' dir='ltr'>om.</span> <span class='ocrx_word' id='word_1_213' title='bbox 2487 2519 2551 2603; x_wconf 83' lang='grc' dir='ltr'>ψ</span> 
     </span>
     <span class='ocr_line' id='line_1_25' title="bbox 511 2618 2551 2686; baseline -0 -14"><span class='ocrx_word' id='word_1_214' title='bbox 511 2622 608 2672; x_wconf 79' lang='lat' dir='ltr'>sed</span> <span class='ocrx_word' id='word_1_215' title='bbox 638 2626 773 2672; x_wconf 83' lang='lat' dir='ltr'>ante</span> <span class='ocrx_word' id='word_1_216' title='bbox 800 2660 813 2671; x_wconf 90' lang='lat'><strong>.</strong></span> <span class='ocrx_word' id='word_1_217' title='bbox 843 2660 855 2672; x_wconf 91' lang='lat'><strong><em>.</em></strong></span> <span class='ocrx_word' id='word_1_218' title='bbox 883 2660 896 2672; x_wconf 91' lang='lat'><strong>.</strong></span> <span class='ocrx_word' id='word_1_219' title='bbox 928 2623 986 2672; x_wconf 90' lang='lat' dir='ltr'>in</span> <span class='ocrx_word' id='word_1_220' title='bbox 1017 2637 1291 2686; x_wconf 86' lang='lat' dir='ltr'>pascuum</span> <span class='ocrx_word' id='word_1_221' title='bbox 1321 2637 1423 2672; x_wconf 87' lang='lat' dir='ltr'>om.</span> <span class='ocrx_word' id='word_1_222' title='bbox 1454 2618 1564 2672; x_wconf 78' lang='lat' dir='ltr'>wb¹</span> <span class='ocrx_word' id='word_1_223' title='bbox 1756 2627 2086 2673; x_wconf 86' lang='lat' dir='ltr'>saturentur</span> <span class='ocrx_word' id='word_1_224' title='bbox 2114 2631 2244 2680; x_wconf 68' lang='grc'><strong>0101)</strong></span> <span class='ocrx_word' id='word_1_225' title='bbox 2440 2636 2470 2684; x_wconf 83' lang='grc'>3</span> <span class='ocrx_word' id='word_1_226' title='bbox 2501 2623 2551 2672; x_wconf 88' lang='lat' dir='ltr'>si</span> 
     </span>
     <span class='ocr_line' id='line_1_26' title="bbox 292 2705 2554 2779; baseline -0 -17"><span class='ocrx_word' id='word_1_227' title='bbox 292 2705 451 2779; x_wconf 73' lang='grc' dir='ltr'>ΒΑφ</span> <span class='ocrx_word' id='word_1_228' title='bbox 480 2712 528 2761; x_wconf 87' lang='lat' dir='ltr'>si</span> <span class='ocrx_word' id='word_1_229' title='bbox 557 2715 644 2760; x_wconf 86' lang='lat' dir='ltr'>est</span> <span class='ocrx_word' id='word_1_230' title='bbox 673 2706 725 2761; x_wconf 76' lang='lat' dir='ltr'><strong>R</strong></span> <span class='ocrx_word' id='word_1_231' title='bbox 940 2728 973 2774; x_wconf 82' lang='lat'>4</span> <span class='ocrx_word' id='word_1_232' title='bbox 1004 2711 1300 2762; x_wconf 74' lang='lat' dir='ltr'>fruticibus</span> <span class='ocrx_word' id='word_1_233' title='bbox 1346 2719 1414 2769; x_wconf 80' lang='grc' dir='ltr'>οο</span> <span class='ocrx_word' id='word_1_234' title='bbox 1461 2712 1790 2762; x_wconf 75' lang='lat' dir='ltr'>fructicibus</span> <span class='ocrx_word' id='word_1_235' title='bbox 1833 2706 1968 2762; x_wconf 73' lang='lat' dir='ltr'>SAR</span> <span class='ocrx_word' id='word_1_236' title='bbox 2011 2711 2289 2762; x_wconf 72' lang='lat' dir='ltr'>iructibus</span> <span class='ocrx_word' id='word_1_237' title='bbox 2319 2706 2554 2769; x_wconf 65' lang='lat' dir='ltr'>tinniunt</span> 
     </span>
     <span class='ocr_line' id='line_1_27' title="bbox 515 2800 2554 2864; baseline 0 -14"><span class='ocrx_word' id='word_1_238' title='bbox 515 2804 616 2850; x_wconf 91' lang='lat' dir='ltr'>aut</span> <span class='ocrx_word' id='word_1_239' title='bbox 648 2800 1005 2850; x_wconf 87' lang='lat' dir='ltr'>solidioribus</span> <span class='ocrx_word' id='word_1_240' title='bbox 1032 2837 1043 2849; x_wconf 90' lang='lat'><strong><em>.</em></strong></span> <span class='ocrx_word' id='word_1_241' title='bbox 1074 2837 1086 2849; x_wconf 88' lang='lat'><strong>.</strong></span> <span class='ocrx_word' id='word_1_242' title='bbox 1116 2838 1128 2850; x_wconf 91' lang='lat'><strong><em>.</em></strong></span> <span class='ocrx_word' id='word_1_243' title='bbox 1161 2801 1463 2864; x_wconf 89' lang='lat' dir='ltr'>abrumpat</span> <span class='ocrx_word' id='word_1_244' title='bbox 1496 2816 1599 2851; x_wconf 89' lang='lat' dir='ltr'>om.</span> <span class='ocrx_word' id='word_1_245' title='bbox 1630 2810 1683 2849; x_wconf 77' lang='lat' dir='ltr'><strong>w</strong></span> <span class='ocrx_word' id='word_1_246' title='bbox 1838 2800 2023 2851; x_wconf 84' lang='lat' dir='ltr'>herbis</span> <span class='ocrx_word' id='word_1_247' title='bbox 2046 2816 2148 2850; x_wconf 87' lang='lat' dir='ltr'>om.</span> <span class='ocrx_word' id='word_1_248' title='bbox 2173 2809 2209 2858; x_wconf 70' lang='lat' dir='ltr'>p</span> <span class='ocrx_word' id='word_1_249' title='bbox 2365 2800 2554 2850; x_wconf 91' lang='lat' dir='ltr'>obluc-</span> 
     </span>
     <span class='ocr_line' id='line_1_28' title="bbox 294 2871 2555 2958; baseline 0 -19"><span class='ocrx_word' id='word_1_250' title='bbox 294 2892 499 2939; x_wconf 86' lang='lat' dir='ltr'>tantur</span> <span class='ocrx_word' id='word_1_251' title='bbox 526 2883 576 2937; x_wconf 82' lang='lat' dir='ltr'>lr</span> <span class='ocrx_word' id='word_1_252' title='bbox 603 2889 920 2939; x_wconf 82' lang='lat' dir='ltr'>oblectatur</span> <span class='ocrx_word' id='word_1_253' title='bbox 949 2889 1080 2958; x_wconf 70' lang='lat' dir='ltr'>qnxl</span> <span class='ocrx_word' id='word_1_254' title='bbox 1264 2903 1295 2952; x_wconf 89' lang='grc'><strong><em>5</em></strong></span> <span class='ocrx_word' id='word_1_255' title='bbox 1325 2890 1630 2953; x_wconf 89' lang='lat' dir='ltr'>obrumpat</span> <span class='ocrx_word' id='word_1_256' title='bbox 1662 2871 2128 2953; x_wconf 38' lang='lat' dir='ltr'>obr&#39;obrumpant</span> <span class='ocrx_word' id='word_1_257' title='bbox 2158 2884 2181 2938; x_wconf 91' lang='lat' dir='ltr'>l</span> <span class='ocrx_word' id='word_1_258' title='bbox 2208 2890 2496 2953; x_wconf 85' lang='lat' dir='ltr'>abrumpit</span> <span class='ocrx_word' id='word_1_259' title='bbox 2518 2886 2555 2940; x_wconf 67' lang='grc' dir='ltr'>ί</span> 
     </span>
     <span class='ocr_line' id='line_1_29' title="bbox 476 2973 2554 3042; baseline 0 -16"><span class='ocrx_word' id='word_1_260' title='bbox 476 2978 759 3028; x_wconf 86' lang='lat' dir='ltr'>tritticum</span> <span class='ocrx_word' id='word_1_261' title='bbox 787 2973 823 3028; x_wconf 77' lang='grc' dir='ltr'><strong><em>Β</em></strong></span> <span class='ocrx_word' id='word_1_262' title='bbox 1036 2980 1072 3027; x_wconf 87' lang='grc'>6</span> <span class='ocrx_word' id='word_1_263' title='bbox 1100 2982 1276 3042; x_wconf 91' lang='lat' dir='ltr'>atque</span> <span class='ocrx_word' id='word_1_264' title='bbox 1307 2979 1405 3028; x_wconf 89' lang='lat' dir='ltr'>ubi</span> <span class='ocrx_word' id='word_1_265' title='bbox 1432 3015 1444 3028; x_wconf 91' lang='lat'><strong>.</strong></span> <span class='ocrx_word' id='word_1_266' title='bbox 1477 3015 1490 3028; x_wconf 90' lang='lat'><strong>.</strong></span> <span class='ocrx_word' id='word_1_267' title='bbox 1523 3015 1535 3028; x_wconf 91' lang='lat'><strong>.</strong></span> <span class='ocrx_word' id='word_1_268' title='bbox 1568 2979 1903 3042; x_wconf 89' lang='lat' dir='ltr'>conpellitur</span> <span class='ocrx_word' id='word_1_269' title='bbox 1933 2993 2035 3028; x_wconf 86' lang='lat' dir='ltr'>om.</span> <span class='ocrx_word' id='word_1_270' title='bbox 2067 2988 2121 3029; x_wconf 76' lang='grc' dir='ltr'><strong>ω</strong></span> <span class='ocrx_word' id='word_1_271' title='bbox 2322 2978 2554 3042; x_wconf 87' lang='lat' dir='ltr'>paulum</span> 
     </span>
    </p>

    <p class='ocr_par' dir='ltr' id='par_1_7' title="bbox 294 3061 2423 3133">
     <span class='ocr_line' id='line_1_30' title="bbox 294 3061 2423 3133; baseline 0 -17"><span class='ocrx_word' id='word_1_272' title='bbox 294 3080 357 3116; x_wconf 87' lang='lat' dir='ltr'>se</span> <span class='ocrx_word' id='word_1_273' title='bbox 386 3061 457 3124; x_wconf 69' lang='lat' dir='ltr'>sp</span> <span class='ocrx_word' id='word_1_274' title='bbox 487 3067 639 3118; x_wconf 77' lang='lat' dir='ltr'>lauli’i</span> <span class='ocrx_word' id='word_1_275' title='bbox 669 3080 728 3116; x_wconf 87' lang='lat' dir='ltr'>se</span> <span class='ocrx_word' id='word_1_276' title='bbox 757 3061 808 3114; x_wconf 79' lang='lat' dir='ltr'>A</span> <span class='ocrx_word' id='word_1_277' title='bbox 837 3080 896 3116; x_wconf 86' lang='lat' dir='ltr'>se</span> <span class='ocrx_word' id='word_1_278' title='bbox 926 3067 1158 3132; x_wconf 87' lang='lat' dir='ltr'>paulum</span> <span class='ocrx_word' id='word_1_279' title='bbox 1186 3062 1238 3117; x_wconf 75' lang='lat' dir='ltr'><strong>R</strong></span> <span class='ocrx_word' id='word_1_280' title='bbox 1267 3081 1326 3117; x_wconf 89' lang='lat' dir='ltr'>se</span> <span class='ocrx_word' id='word_1_281' title='bbox 1348 3067 1643 3131; x_wconf 87' lang='lat' dir='ltr'>paululum</span> <span class='ocrx_word' id='word_1_282' title='bbox 1664 3064 1760 3118; x_wconf 57' lang='grc' dir='ltr'>ῆι·</span> <span class='ocrx_word' id='word_1_283' title='bbox 1895 3081 1925 3130; x_wconf 89' lang='grc'><strong><em>7</em></strong></span> <span class='ocrx_word' id='word_1_284' title='bbox 1956 3068 2126 3117; x_wconf 85' lang='lat' dir='ltr'>ordeo</span> <span class='ocrx_word' id='word_1_285' title='bbox 2148 3062 2423 3133; x_wconf 73' lang='lat' dir='ltr'>Baliquot</span> 
     </span>
    </p>

    <p class='ocr_par' dir='ltr' id='par_1_8' title="bbox 294 3151 779 3207">
     <span class='ocr_line' id='line_1_31' title="bbox 294 3151 779 3207; baseline -0.002 0"><span class='ocrx_word' id='word_1_286' title='bbox 294 3156 713 3207; x_wconf 85' lang='lat' dir='ltr'>immatricibus</span> <span class='ocrx_word' id='word_1_287' title='bbox 743 3151 779 3206; x_wconf 76' lang='grc' dir='ltr'><strong><em>Β</em></strong></span> 
     </span>
    </p>

    <p class='ocr_par' dir='ltr' id='par_1_9' title="bbox 295 3238 2557 3581">
     <span class='ocr_line' id='line_1_32' title="bbox 371 3238 2556 3309; baseline 0 -15"><span class='ocrx_word' id='word_1_288' title='bbox 371 3258 407 3304; x_wconf 90' lang='grc'><strong>9</strong></span> <span class='ocrx_word' id='word_1_289' title='bbox 435 3258 561 3294; x_wconf 86' lang='lat' dir='ltr'>aras</span> <span class='ocrx_word' id='word_1_290' title='bbox 608 3238 659 3294; x_wconf 79' lang='lat' dir='ltr'>A</span> <span class='ocrx_word' id='word_1_291' title='bbox 710 3250 758 3294; x_wconf 72' lang='lat' dir='ltr'>et</span> <span class='ocrx_word' id='word_1_292' title='bbox 809 3240 861 3294; x_wconf 77' lang='lat' dir='ltr'>R</span> <span class='ocrx_word' id='word_1_293' title='bbox 912 3245 1113 3309; x_wconf 76' lang='lat' dir='ltr'>aliquot</span> <span class='ocrx_word' id='word_1_294' title='bbox 1386 3257 1451 3293; x_wconf 91' lang='lat'>10</span> <span class='ocrx_word' id='word_1_295' title='bbox 1480 3246 1708 3294; x_wconf 88' lang='lat' dir='ltr'>uicenos</span> <span class='ocrx_word' id='word_1_296' title='bbox 1766 3239 1868 3295; x_wconf 76' lang='lat' dir='ltr'>AR.</span> <span class='ocrx_word' id='word_1_297' title='bbox 2133 3245 2438 3295; x_wconf 88' lang='lat' dir='ltr'>maioribus</span> <span class='ocrx_word' id='word_1_298' title='bbox 2489 3254 2556 3304; x_wconf 67' lang='lat' dir='ltr'>op</span> 
     </span>
     <span class='ocr_line' id='line_1_33' title="bbox 520 3327 2552 3398; baseline 0.001 -17"><span class='ocrx_word' id='word_1_299' title='bbox 520 3345 578 3381; x_wconf 91' lang='lat'>11</span> <span class='ocrx_word' id='word_1_300' title='bbox 612 3333 874 3383; x_wconf 83' lang='lat' dir='ltr'>infimum</span> <span class='ocrx_word' id='word_1_301' title='bbox 905 3327 991 3383; x_wconf 75' lang='grc' dir='ltr'>ΒΑ</span> <span class='ocrx_word' id='word_1_302' title='bbox 1209 3347 1271 3381; x_wconf 83' lang='lat'>12</span> <span class='ocrx_word' id='word_1_303' title='bbox 1303 3335 1551 3398; x_wconf 89' lang='lat' dir='ltr'>oportet]</span> <span class='ocrx_word' id='word_1_304' title='bbox 1586 3335 1854 3385; x_wconf 88' lang='lat' dir='ltr'>conuenit</span> <span class='ocrx_word' id='word_1_305' title='bbox 1885 3329 1921 3383; x_wconf 79' lang='lat' dir='ltr'>d</span> <span class='ocrx_word' id='word_1_306' title='bbox 2128 3334 2552 3398; x_wconf 87' lang='lat' dir='ltr'>substratuique</span> 
     </span>
     <span class='ocr_line' id='line_1_34' title="bbox 295 3407 2555 3491; baseline 0 -18"><span class='ocrx_word' id='word_1_307' title='bbox 295 3407 555 3491; x_wconf 74' lang='grc' dir='ltr'><strong>ΒΑφψο</strong></span> <span class='ocrx_word' id='word_1_308' title='bbox 583 3422 985 3487; x_wconf 85' lang='lat' dir='ltr'>substratuque</span> <span class='ocrx_word' id='word_1_309' title='bbox 1027 3417 1358 3481; x_wconf 67' lang='lat' dir='ltr'>nhoebityup</span> <span class='ocrx_word' id='word_1_310' title='bbox 1387 3423 1823 3488; x_wconf 86' lang='lat' dir='ltr'>substractuque</span> <span class='ocrx_word' id='word_1_311' title='bbox 1864 3424 2079 3487; x_wconf 90' lang='lat' dir='ltr'>(-taque</span> <span class='ocrx_word' id='word_1_312' title='bbox 2113 3424 2161 3485; x_wconf 83' lang='grc' dir='ltr'>ο)</span> <span class='ocrx_word' id='word_1_313' title='bbox 2197 3430 2247 3473; x_wconf 82' lang='grc' dir='ltr'>κ</span> <span class='ocrx_word' id='word_1_314' title='bbox 2276 3424 2555 3473; x_wconf 89' lang='lat' dir='ltr'>substrac—</span> 
     </span>
     <span class='ocr_line' id='line_1_35' title="bbox 295 3507 2557 3581; baseline 0 -20"><span class='ocrx_word' id='word_1_315' title='bbox 295 3518 501 3576; x_wconf 86' lang='lat' dir='ltr'>tasque</span> <span class='ocrx_word' id='word_1_316' title='bbox 530 3507 676 3581; x_wconf 64' lang='lat' dir='ltr'>kyoe</span> <span class='ocrx_word' id='word_1_317' title='bbox 872 3511 1096 3573; x_wconf 87' lang='lat' dir='ltr'>habere]</span> <span class='ocrx_word' id='word_1_318' title='bbox 1134 3510 1250 3560; x_wconf 80' lang='lat' dir='ltr'>fere</span> <span class='ocrx_word' id='word_1_319' title='bbox 1280 3520 1316 3569; x_wconf 72' lang='lat' dir='ltr'>p</span> <span class='ocrx_word' id='word_1_320' title='bbox 1493 3512 1650 3576; x_wconf 88' lang='lat' dir='ltr'>pales</span> <span class='ocrx_word' id='word_1_321' title='bbox 1680 3507 1716 3562; x_wconf 78' lang='grc' dir='ltr'><strong><em>Β</em></strong></span> <span class='ocrx_word' id='word_1_322' title='bbox 1744 3526 1840 3561; x_wconf 87' lang='lat' dir='ltr'>eas</span> <span class='ocrx_word' id='word_1_323' title='bbox 1868 3507 1941 3560; x_wconf 61' lang='grc' dir='ltr'>Αἱ</span> <span class='ocrx_word' id='word_1_324' title='bbox 2119 3514 2168 3562; x_wconf 90' lang='lat' dir='ltr'>si</span> <span class='ocrx_word' id='word_1_325' title='bbox 2197 3513 2315 3574; x_wconf 84' lang='lat' dir='ltr'>eae]</span> <span class='ocrx_word' id='word_1_326' title='bbox 2350 3513 2492 3562; x_wconf 87' lang='lat' dir='ltr'>sicce</span> <span class='ocrx_word' id='word_1_327' title='bbox 2521 3521 2557 3570; x_wconf 70' lang='lat' dir='ltr'>p</span> 
     </span>
    </p>
   </div>
   <div class='ocr_carea' id='block_1_7' title="bbox 297 3594 2558 4200">
    <p class='ocr_par' dir='ltr' id='par_1_10' title="bbox 297 3594 2558 4200">
     <span class='ocr_line' id='line_1_36' title="bbox 516 3594 2557 3670; baseline 0 -21"><span class='ocrx_word' id='word_1_328' title='bbox 516 3599 700 3663; x_wconf 85' lang='lat' dir='ltr'>he(a)e</span> <span class='ocrx_word' id='word_1_329' title='bbox 730 3599 818 3649; x_wconf 79' lang='lat' dir='ltr'>uel</span> <span class='ocrx_word' id='word_1_330' title='bbox 846 3600 916 3649; x_wconf 85' lang='lat' dir='ltr'>he</span> <span class='ocrx_word' id='word_1_331' title='bbox 946 3607 1055 3670; x_wconf 72' lang='grc' dir='ltr'>ιογ</span> <span class='ocrx_word' id='word_1_332' title='bbox 1083 3600 1185 3649; x_wconf 85' lang='lat' dir='ltr'>hec</span> <span class='ocrx_word' id='word_1_333' title='bbox 1213 3594 1236 3648; x_wconf 91' lang='lat' dir='ltr'>l</span> <span class='ocrx_word' id='word_1_334' title='bbox 1263 3614 1330 3651; x_wconf 85' lang='lat' dir='ltr'>ea</span> <span class='ocrx_word' id='word_1_335' title='bbox 1359 3595 1433 3648; x_wconf 63' lang='grc' dir='ltr'>ΑΙ</span> <span class='ocrx_word' id='word_1_336' title='bbox 1656 3614 1718 3663; x_wconf 91' lang='lat'>13</span> <span class='ocrx_word' id='word_1_337' title='bbox 1749 3602 2151 3652; x_wconf 89' lang='lat' dir='ltr'>crassissimum</span> <span class='ocrx_word' id='word_1_338' title='bbox 2185 3601 2381 3650; x_wconf 79' lang='lat' dir='ltr'>Schn..·</span> <span class='ocrx_word' id='word_1_339' title='bbox 2410 3615 2557 3650; x_wconf 86' lang='lat' dir='ltr'>cras·</span> 
     </span>
     <span class='ocr_line' id='line_1_37' title="bbox 297 3683 2558 3753; baseline -0 -14"><span class='ocrx_word' id='word_1_340' title='bbox 297 3690 507 3740; x_wconf 87' lang='lat' dir='ltr'>simum</span> <span class='ocrx_word' id='word_1_341' title='bbox 537 3683 645 3739; x_wconf 72' lang='lat' dir='ltr'>SA·</span> <span class='ocrx_word' id='word_1_342' title='bbox 673 3689 926 3741; x_wconf 78' lang='lat' dir='ltr'>crassinfl</span> <span class='ocrx_word' id='word_1_343' title='bbox 954 3683 1028 3736; x_wconf 63' lang='grc' dir='ltr'>ΑΙ</span> <span class='ocrx_word' id='word_1_344' title='bbox 1059 3689 1441 3753; x_wconf 87' lang='lat' dir='ltr'>gratissimum</span> <span class='ocrx_word' id='word_1_345' title='bbox 1471 3685 1523 3740; x_wconf 74' lang='lat' dir='ltr'><strong>R</strong></span> <span class='ocrx_word' id='word_1_346' title='bbox 1544 3691 1898 3753; x_wconf 83' lang='lat' dir='ltr'>gatissimum</span> <span class='ocrx_word' id='word_1_347' title='bbox 1921 3699 1953 3740; x_wconf 81' lang='grc' dir='ltr'><strong>ο</strong></span> <span class='ocrx_word' id='word_1_348' title='bbox 2139 3702 2202 3752; x_wconf 84' lang='lat'>14</span> <span class='ocrx_word' id='word_1_349' title='bbox 2231 3703 2302 3738; x_wconf 88' lang='lat' dir='ltr'>ne</span> <span class='ocrx_word' id='word_1_350' title='bbox 2326 3690 2558 3740; x_wconf 87' lang='lat' dir='ltr'>coluber</span> 
     </span>
     <span class='ocr_line' id='line_1_38' title="bbox 298 3773 2558 3850; baseline 0 -22"><span class='ocrx_word' id='word_1_351' title='bbox 298 3792 373 3828; x_wconf 88' lang='lat' dir='ltr'>ne</span> <span class='ocrx_word' id='word_1_352' title='bbox 404 3777 540 3827; x_wconf 74' lang='lat' dir='ltr'>feles</span> <span class='ocrx_word' id='word_1_353' title='bbox 587 3791 659 3827; x_wconf 90' lang='lat' dir='ltr'>ne</span> <span class='ocrx_word' id='word_1_354' title='bbox 690 3778 885 3842; x_wconf 87' lang='lat' dir='ltr'>uipera</span> <span class='ocrx_word' id='word_1_355' title='bbox 912 3787 948 3836; x_wconf 72' lang='lat' dir='ltr'>p</span> <span class='ocrx_word' id='word_1_356' title='bbox 1162 3779 1252 3840; x_wconf 86' lang='lat' dir='ltr'>ne]</span> <span class='ocrx_word' id='word_1_357' title='bbox 1288 3793 1391 3828; x_wconf 85' lang='lat' dir='ltr'>nec</span> <span class='ocrx_word' id='word_1_358' title='bbox 1420 3773 1443 3827; x_wconf 91' lang='lat' dir='ltr'>l</span> <span class='ocrx_word' id='word_1_359' title='bbox 1470 3783 1529 3828; x_wconf 87' lang='lat' dir='ltr'>et</span> <span class='ocrx_word' id='word_1_360' title='bbox 1561 3774 1712 3850; x_wconf 66' lang='lat' dir='ltr'>1³qu</span> <span class='ocrx_word' id='word_1_361' title='bbox 1744 3780 1833 3829; x_wconf 91' lang='lat' dir='ltr'>uel</span> <span class='ocrx_word' id='word_1_362' title='bbox 1867 3788 1921 3829; x_wconf 68' lang='grc' dir='ltr'><strong>ω</strong></span> <span class='ocrx_word' id='word_1_363' title='bbox 2137 3779 2442 3844; x_wconf 85' lang='lat' dir='ltr'>phalesque</span> <span class='ocrx_word' id='word_1_364' title='bbox 2472 3787 2558 3829; x_wconf 65' lang='lat' dir='ltr'>tw</span> 
     </span>
     <span class='ocr_line' id='line_1_39' title="bbox 299 3862 2557 3932; baseline 0 -16"><span class='ocrx_word' id='word_1_365' title='bbox 299 3867 645 3932; x_wconf 85' lang='lat' dir='ltr'>phaleosque</span> <span class='ocrx_word' id='word_1_366' title='bbox 675 3875 707 3916; x_wconf 81' lang='grc' dir='ltr'><strong>ο</strong></span> <span class='ocrx_word' id='word_1_367' title='bbox 735 3867 1025 3932; x_wconf 86' lang='lat' dir='ltr'>philesque</span> <span class='ocrx_word' id='word_1_368' title='bbox 1054 3862 1075 3916; x_wconf 90' lang='lat' dir='ltr'>l</span> <span class='ocrx_word' id='word_1_369' title='bbox 1294 3881 1357 3929; x_wconf 84' lang='lat'>15</span> <span class='ocrx_word' id='word_1_370' title='bbox 1388 3868 1569 3932; x_wconf 83' lang='lat' dir='ltr'>possit</span> <span class='ocrx_word' id='word_1_371' title='bbox 1599 3869 1865 3932; x_wconf 88' lang='lat' dir='ltr'>aspirare]</span> <span class='ocrx_word' id='word_1_372' title='bbox 1900 3869 2039 3918; x_wconf 89' lang='lat' dir='ltr'>assit</span> <span class='ocrx_word' id='word_1_373' title='bbox 2072 3878 2106 3926; x_wconf 73' lang='lat' dir='ltr'>p</span> <span class='ocrx_word' id='word_1_374' title='bbox 2293 3869 2357 3917; x_wconf 89' lang='lat'>16</span> <span class='ocrx_word' id='word_1_375' title='bbox 2387 3868 2557 3917; x_wconf 87' lang='lat' dir='ltr'>inter·</span> 
     </span>
     <span class='ocr_line' id='line_1_40' title="bbox 298 3949 2556 4021; baseline 0 -15"><span class='ocrx_word' id='word_1_376' title='bbox 298 3956 576 4006; x_wconf 87' lang='lat' dir='ltr'>nitionem</span> <span class='ocrx_word' id='word_1_377' title='bbox 604 3949 706 4005; x_wconf 73' lang='lat' dir='ltr'>AB</span> <span class='ocrx_word' id='word_1_378' title='bbox 733 3956 1053 4006; x_wconf 88' lang='lat' dir='ltr'>interiorem</span> <span class='ocrx_word' id='word_1_379' title='bbox 1083 3964 1120 4006; x_wconf 71' lang='lat'>⁸</span> <span class='ocrx_word' id='word_1_380' title='bbox 1316 3960 1539 4006; x_wconf 83' lang='lat' dir='ltr'>teneros</span> <span class='ocrx_word' id='word_1_381' title='bbox 1571 3961 1932 4020; x_wconf 89' lang='lat' dir='ltr'>prosternunt</span> <span class='ocrx_word' id='word_1_382' title='bbox 1963 3966 1999 4015; x_wconf 72' lang='lat' dir='ltr'>p</span> <span class='ocrx_word' id='word_1_383' title='bbox 2194 3961 2556 4021; x_wconf 87' lang='lat' dir='ltr'>prosternunt</span> 
     </span>
     <span class='ocr_line' id='line_1_41' title="bbox 300 4054 494 4095; baseline 0 0"><span class='ocrx_word' id='word_1_384' title='bbox 300 4060 408 4095; x_wconf 78' lang='lat' dir='ltr'>om.</span> <span class='ocrx_word' id='word_1_385' title='bbox 440 4054 494 4095; x_wconf 78' lang='lat' dir='ltr'>oe</span> 
     </span>
     <span class='ocr_line' id='line_1_42' title="bbox 382 4129 1944 4200; baseline 0.001 -18"><span class='ocrx_word' id='word_1_386' title='bbox 382 4147 444 4197; x_wconf 91' lang='lat'>17</span> <span class='ocrx_word' id='word_1_387' title='bbox 474 4134 706 4185; x_wconf 87' lang='lat' dir='ltr'>ordeum</span> <span class='ocrx_word' id='word_1_388' title='bbox 735 4129 787 4184; x_wconf 76' lang='lat' dir='ltr'><strong>R</strong></span> <span class='ocrx_word' id='word_1_389' title='bbox 815 4134 1027 4200; x_wconf 69' lang='lat' dir='ltr'>aliquot</span> <span class='ocrx_word' id='word_1_390' title='bbox 1205 4134 1503 4199; x_wconf 88' lang='lat' dir='ltr'>paciantur</span> <span class='ocrx_word' id='word_1_391' title='bbox 1532 4129 1569 4184; x_wconf 78' lang='grc' dir='ltr'><strong>Β</strong></span> <span class='ocrx_word' id='word_1_392' title='bbox 1590 4140 1639 4183; x_wconf 79' lang='lat' dir='ltr'>et</span> <span class='ocrx_word' id='word_1_393' title='bbox 1659 4130 1711 4185; x_wconf 76' lang='lat' dir='ltr'><strong>R</strong></span> <span class='ocrx_word' id='word_1_394' title='bbox 1739 4134 1944 4199; x_wconf 76' lang='lat' dir='ltr'>aliquot</span> 
     </span>
    </p>
   </div>
   <div class='ocr_carea' id='block_1_8' title="bbox 306 4260 577 4308">
    <p class='ocr_par' dir='ltr' id='par_1_11' title="bbox 306 4260 577 4308">
     <span class='ocr_line' id='line_1_43' title="bbox 306 4260 577 4308; baseline 0.007 -6"><span class='ocrx_word' id='word_1_395' title='bbox 306 4260 344 4308; x_wconf 85' lang='grc'><strong>4</strong></span> <span class='ocrx_word' id='word_1_396' title='bbox 361 4268 402 4276; x_wconf 79' lang='grc'>-</span> <span class='ocrx_word' id='word_1_397' title='bbox 419 4261 577 4304; x_wconf 80' lang='grc'><strong>547543</strong></span> 
     </span>
    </p>
   </div>
   <div class='ocr_carea' id='block_1_9' title="bbox 0 4932 3108 5388">
    <p class='ocr_par' dir='ltr' id='par_1_12' title="bbox 0 4932 3108 5388">
     <span class='ocr_line' id='line_1_44' title="bbox 0 4932 3108 5388; baseline 0 171"><span class='ocrx_word' id='word_1_398' title='bbox 0 4932 3108 5388; x_wconf 95' lang='lat' dir='ltr'> </span> 
     </span>
    </p>
   </div>
  </div>
 </body>
</html>
