3109 5559
897 215 1011 261 REI
1044 215 1366 262 RVSTICAE
1397 216 1527 261 LIB.
1563 217 1639 262 IX
1671 216 1727 262 C.
1767 212 1841 277 15
2379 215 2497 275 113

348 378 486 439 Dies
528 396 680 439 uero
723 378 1049 440 castrandi
1091 378 1221 440 fere
1263 377 1626 439 matutinus
1667 379 2082 458 occupandus
2124 384 2222 440 est
2228 396 2244 450 3
2290 393 2498 458 neque

276 484 424 545 enim
466 485 768 546 conuenit
813 491 997 546 aestu
1043 484 1253 546 medio
1299 491 1711 564 exasperatas
1756 505 1909 565 apes
1955 485 2196 547 lacessi.
2247 485 2503 546 duobus

275 599 471 652 autem
518 590 919 653 ferramentis
964 591 1051 652 ad
1094 591 1265 652 hunc
1310 610 1501 653 usum
1545 610 1710 671 opus
1754 598 1873 663 est,
1922 591 2349 671 sesquipedali
2393 592 2499 653 uel

273 697 444 777 paulo
500 697 806 784 ampliore
863 716 1162 759 mensura
1217 697 1427 769 factiS,
1486 716 1761 777 quorum
1817 697 2097 759 alterum
2154 699 2238 759 sit
2295 698 2501 760 culter

222 822 252 870 5
272 804 569 883 oblongus
621 823 702 865 ex
756 809 1032 883 utraque
1085 810 1269 884 parte
1324 803 1457 865 acie
1513 803 1668 875 lata,
1724 823 1855 865 uno
1909 804 2120 884 capite
2175 804 2498 866 aduncum

271 910 591 990 scalprum,
634 911 908 971 alterum
948 910 1156 990 prima
1196 909 1407 972 fronte
1447 911 1715 990 planum
1756 917 1821 971 et
1862 909 2325 982 acutissimum,
2369 930 2499 990 quo

270 1017 477 1078 melius
493 1017 614 1077 hoc
633 1016 769 1078 faui
784 1017 1218 1088 subsecentur,
1239 1017 1347 1077 illo
1365 1017 1735 1089 eradantur,
1751 1023 1817 1078 et
1836 1015 2153 1097 quidquid
2171 1016 2499 1080 sordidum

273 1123 555 1184 deciderit
585 1123 972 1185 attrahatur.
1004 1124 1117 1184 sed
1143 1123 1256 1185 ubi
1284 1142 1324 1184 a
1350 1123 1699 1202 posteriore
1728 1130 1933 1202 parte,
1965 1142 2096 1203 qua
2123 1124 2372 1185 nullum
2400 1130 2499 1185 est
2522 1128 2562 1191 5

268 1230 662 1300 uestibulum,
715 1228 1117 1309 patefactum
1168 1229 1359 1291 fuerit
1412 1230 1652 1301 aluare,
1705 1229 1957 1291 fumum
2010 1229 2501 1292 admonebimus

180 1355 250 1390 10
269 1335 497 1397 factum
545 1335 822 1415 galbano
869 1335 973 1396 uel
1022 1335 1202 1397 arido
1251 1335 1429 1398 fimo.
1480 1354 1559 1397 ea
1606 1355 1795 1416 porro
1842 1355 1996 1398 uase
2044 1336 2231 1398 fictili
2278 1335 2502 1416 prunis

267 1442 529 1503 inmixta
569 1442 955 1513 conduntur,
1000 1441 1194 1521 idque
1235 1461 1354 1504 uas
1396 1449 1698 1504 ansatum
1740 1442 1943 1504 simile
1986 1449 2297 1522 angustae
2339 1443 2501 1503 ollae

266 1548 587 1627 figuratur,
620 1547 716 1610 ita
744 1554 819 1609 ut
851 1567 1000 1627 pars
1029 1549 1234 1610 altera
1261 1548 1346 1610 sit
1378 1548 1647 1620 acutior,
1678 1567 1793 1628 per
1822 1568 2020 1628 quam
2053 1548 2305 1610 modico
2335 1549 2502 1610 fora·

264 1653 425 1715 mine
458 1654 675 1716 fumus
709 1661 985 1726 emanet,
1024 1655 1228 1716 altera
1263 1655 1455 1716 latior
1488 1661 1553 1716 et
1592 1674 1701 1717 ore
1735 1656 1932 1735 paulo
1967 1655 2349 1735 patentiore,
2389 1673 2503 1734 per

263 1780 450 1841 quam
511 1761 712 1841 possit
752 1761 1001 1823 adflari.
1042 1761 1192 1823 talis
1229 1762 1355 1823 olla
1392 1781 1541 1824 cum
1580 1768 1677 1824 est
1717 1762 1920 1824 aluari
1958 1761 2230 1834 obiecta,
2270 1762 2500 1841 spiritu
2522 1752 2565 1814 6

173 1887 240 1936 15
261 1868 517 1929 admoto
567 1867 784 1929 fumus
833 1868 919 1929 ad
967 1886 1120 1947 apes
1168 1873 1607 1948 promouetur,
1658 1888 1824 1948 quae
1873 1868 2211 1931 confestim
2262 1867 2502 1930 nidoris

258 1973 640 2053 inpatientes
693 1974 761 2035 in
816 1974 1090 2054 priorem
1146 1981 1398 2055 partem
1454 1975 1758 2036 domicilii
1813 1980 1880 2037 et
1935 1975 2261 2037 interdum
2316 1980 2503 2037 extra

258 2079 645 2142 uestibulum
672 2099 740 2142 se
768 2080 1127 2142 conferunt.

331 2293 425 2328 1-—2
459 2280 672 2330 Pallad.
707 2293 758 2344 7,
782 2293 832 2344 7,
854 2293 886 2329 2
1103 2294 1243 2343 9—13
1274 2281 1490 2331 Pallad.
1524 2293 1575 2344 7,
1599 2293 1647 2343 7,
1669 2293 1733 2337 2:
1763 2281 1844 2343 cfr
1874 2281 2036 2347 Geop.
2071 2292 2157 2342 15,
2178 2293 2230 2343 5,
2253 2292 2288 2343 5

331 2454 351 2488 1
388 2439 486 2489 des
514 2435 573 2490 8¹
768 2441 1145 2505 occupandus]
1180 2441 1467 2505 eligendus
1496 2436 1522 2490 t
1737 2455 1767 2490 2
1802 2455 1937 2505 apes
1966 2456 2068 2491 om.
2101 2434 2153 2488 A
2332 2441 2504 2490 laces—

251 2528 349 2578 siri
379 2522 429 2577 B
608 2542 639 2591 3
671 2534 866 2579 autem
895 2545 997 2580 om.
1029 2524 1295 2599 odquqnx¹
1477 2529 1621 2579 ferre
1654 2533 1870 2579 mentes
1897 2523 1969 2577 A¹
2150 2529 2259 2578 huc
2288 2524 2324 2579 8

249 2618 624 2682 sesquipedali
665 2613 936 2675 salim
976 2619 1358 2683 sexquipedali
1387 2613 1489 2668 AB
1705 2634 1738 2682 4
1768 2619 1911 2668 alter
1938 2603 2285 2687 πψοᾱειῳιῑ

250 2720 281 2769 5
316 2706 593 2770 oblongus
619 2744 631 2757 .
661 2744 673 2756 .
703 2744 715 2755 .
747 2708 988 2757 alterum
1018 2722 1121 2757 om.
1152 2715 1216 2755 οι
1392 2711 1511 2772 post
1541 2708 1818 2772 oblongus
1848 2707 1971 2756 add.
2004 2707 2247 2757 alterum
2275 2700 2361 2756 SA

246 2796 406 2859 capit
435 2789 546 2844 8¹A
759 2796 1013 2845 adunum
1040 2789 1092 2843 A
1306 2797 1341 2845 6
1372 2796 1626 2860 scalpum
1654 2796 1783 2865 qnx²
1816 2796 2066 2860 salprum
2094 2791 2118 2844 t
2297 2795 2502 2860 prima]

245 2885 427 2949 pinna
454 2883 584 2953 91:1¹
750 2885 1110 2934 acuissimum
1137 2879 1197 2934 8¹
1365 2898 1396 2947 7
1429 2886 1793 2935 subsecentur
1820 2878 1907 2934 SA
1936 2884 2296 2933 succidantur
2322 2879 2375 2933 R
2397 2899 2500 2934 om.

242 2969 417 3029 ehx'v
628 2974 726 3023 illa
752 2967 804 3021 A
1017 2973 1114 3022 illo
1157 2973 1463 3023 eradantur
1505 2988 1613 3023 om.
1647 2968 1894 3043 oessqnfflt
2108 2972 2440 3022 erradantur
2467 2968 2508 3023 8

466 3063 722 3126 quicquit
751 3055 803 3109 A
981 3062 1268 3112 sordidum
1296 3056 1631 3131 SAnoeqnoe
1654 3063 1961 3112 sordidium
1981 3070 2017 3112 Ι
2048 3062 2294 3112 sordium
2322 3057 2375 3111 R
2396 3077 2502 3112 om.

241 3149 295 3199 τι
484 3149 517 3198 8
548 3152 842 3216 posteriori
872 3159 1056 3208 moaen
1086 3152 1362 3216 superiori
1393 3160 1421 3200 ι
1599 3150 1730 3216 qua'
1763 3151 1940 3200 ullum
1967 3144 2019 3198 A
2218 3164 2254 3210 9
2282 3151 2507 3201 alueare

240 3234 296 3287 R
328 3240 465 3288 aluu
497 3240 684 3290 albare
714 3233 766 3287 A
948 3254 1013 3289 ro
1044 3254 1176 3290 uase
1203 3235 1290 3290 88
1321 3254 1424 3290 uas
1453 3244 1511 3289 et
1540 3233 1593 3287 A
1770 3239 1933 3289 fictili
1962 3244 2083 3303 post
2113 3240 2308 3304 prunis
2334 3248 2370 3296 ς

240 3326 448 3392 primis
475 3321 527 3375 A
557 3329 744 3392 pinnis
769 3324 1020 3397 oeflqnfflr
1045 3343 1225 3393 pruna
1247 3324 1272 3378 t
1440 3343 1497 3378 11
1533 3329 1777 3379 inmixta
1798 3344 1901 3379 om.
1925 3336 2018 3377 (αι
2181 3329 2510 3378 cunduntur

235 3412 300 3467 8²
523 3418 693 3483 idque
743 3432 846 3468 uas
889 3412 976 3467 88
1022 3418 1225 3482 idquas
1271 3411 1323 3465 A
1538 3418 1657 3467 olee
1686 3402 1803 3487 πψ
1833 3417 1975 3466 colle
2003 3411 2076 3465 A¹
2305 3431 2365 3466 12
2398 3419 2499 3480 ita]

235 3507 445 3570 itaque
478 3490 781 3576 ψᾶαῦᾳιιῑ
978 3511 1041 3556 ut
1072 3522 1175 3557 om.
1206 3500 1453 3562 moeuv
1632 3507 1811 3556 altera
1842 3519 1973 3571 pars
2003 3501 2053 3556 B
2234 3507 2452 3556 modice
2481 3501 2509 3555 t

472 3607 536 3656 13
567 3599 797 3645 emanat
824 3588 937 3643 Ah·
1151 3597 1229 3658 et]
1263 3599 1351 3645 est
1381 3580 1601 3665 φψκν
1631 3610 1733 3645 om.
1769 3603 1819 3666 γ
2007 3596 2205 3659 patulo
2231 3603 2326 3652 ron

233 3685 569 3748 patentiore
596 3678 1327 3753 ⁸h¹<plmd¹ssoex2vtr¹y¹aen
1357 3685 1675 3749 potentiore
1704 3680 1796 3734 0¹1»
1818 3684 2113 3733 latentiore
2130 3679 2171 3732 k
2193 3684 2391 3733 latiore
2419 3678 2510 3733 SA

226 3767 561 3830 h‘dlr’m
601 3769 656 3823 al
687 3773 885 3823 latiore
913 3773 1042 3822 w¹o⁸
1073 3773 1314 3823 l'latiore
1342 3767 1401 3822 ἀΰ
1432 3774 1749 3838 patentiore
1780 3773 1852 3822 al·
1881 3773 2081 3822 latiore
2104 3767 2201 3829 qiu
2222 3768 2281 3822 al
2305 3773 2505 3822 latiore

228 3862 570 3927 patentiore
596 3858 618 3911 i
648 3863 934 3926 patentior
963 3862 1102 3912 alias
1125 3863 1322 3912 latiore
1342 3859 1512 3932 ψ*
1684 3877 1747 3926 14
1779 3862 1958 3911 aluari
1979 3861 2180 3926 scripsi
2209 3860 2306 3922 (cfr
2329 3861 2506 3910 Linde

224 3957 290 4015 p.
330 3950 450 4011 14):
502 3951 711 4000 alueari
740 3945 765 3999 t
795 3951 1009 4000 albario
1054 3944 1140 4000 SA
1190 3951 1404 4000 aluario
1446 3960 1481 4009 n
1510 3952 1759 4001 alueario
1787 3945 1837 4000 B
2057 3963 2119 4013 15
2152 3951 2389 4000 admotu
2419 3944 2510 3999 SA

224 4040 489 4090 admota
516 4039 699 4109 oeqnx¹
859 4043 1262 4103 promouerunt
1292 4046 1356 4108 φ
1389 4044 1790 4104 promcourunt
1820 4034 1856 4089 8
1919 4042 2290 4104 promourunt
2319 4032 2371 4086 A

226 4130 305 4178 16
341 4128 640 4178 intradum
668 4122 720 4176 A
940 4141 1003 4191 17
1035 4143 1093 4178 se
1121 4123 1208 4178 88
1239 4129 1335 4178 sed
1365 4122 1417 4176 A
