3109 5559
523 136 607 204 66
738 136 817 202 L.
852 136 1004 203 Iuni
1038 135 1370 202 Moderati
1403 135 1809 202 Columellae

517 335 673 380 cum
696 313 960 381 scrobes
987 311 1385 393 defodimus,
1414 313 1778 380 admodum
1802 313 2019 400 exigui
2043 312 2337 400 pulueris
2361 313 2708 380 uiuiradici
2732 313 2979 380 subici·

402 449 468 499 2⁵
516 442 687 486 mus.

601 545 648 608 5
690 525 922 592 Verior
959 525 1157 613 igitur
1193 548 1388 592 causa
1423 539 1522 593 est
1562 524 1932 612 depressius
1969 525 2363 612 pastinandi,
2406 526 2723 613 quoniam
2761 526 2980 613 iugata

519 633 742 699 uineta
777 632 1012 699 melius
1049 646 1457 719 consurgunt
1493 632 1833 698 altioribus
1870 632 2154 698 demissa
2188 632 2554 699 scrobibus.
2594 654 2751 699 nam
2790 632 2979 719 bipe-

523 739 767 806 daneae
811 740 925 805 uix
967 738 1166 805 etiam
1209 738 1726 826 prouincialibus
1771 739 2068 825 agricolis
2105 738 2455 825 adprobari
2486 740 2765 826 possint,
2800 740 2981 826 apud

520 868 690 932 quos
722 845 958 911 humili
990 859 1164 912 statu
1197 845 1353 911 uitis
1385 845 1778 932 plerumque
1812 845 1993 911 iuxta
2023 859 2264 912 terram
2297 859 2653 912 coercetur.
2690 866 2981 932 cumque

406 983 476 1032 30
520 953 674 1041 iugo
702 952 1085 1031 destinetur,
1115 951 1340 1018 altiore
1365 951 1802 1018 fundamento
1827 951 2217 1018 stabilienda
2241 951 2345 1031 sit,
2374 951 2432 1018 si
2457 953 2680 1032 modo,
2711 952 2981 1038 quando

520 1059 776 1126 scandit
814 1058 1150 1138 excelsius,
1192 1057 1343 1145 plus
1382 1058 1674 1125 alimenti
1712 1072 2053 1145 terraeque
2093 1057 2438 1125 desiderat.
2532 1061 2576 1122 6
2614 1072 2682 1125 et
2718 1058 2875 1125 ideo
2914 1059 2983 1125 in

521 1165 905 1232 maritandis
929 1164 1273 1231 arboribus
1297 1187 1494 1231 nemo
1519 1165 1845 1231 minorem
1869 1165 2372 1251 tripedanea[m]
2399 1164 2703 1231 scrobem
2726 1165 2983 1232 uitibus

521 1286 876 1359 comparat.

604 1379 918 1445 Ceterum
954 1377 1063 1444 illa
1099 1400 1334 1465 parum
1371 1378 1683 1465 prudens:
1723 1378 2153 1465 agricolarum
2189 1378 2410 1445 studio
2446 1379 2804 1466 praecipua
2837 1400 2980 1445 esse

394 1516 460 1566 35
521 1486 872 1552 commoda
911 1485 1180 1551 humilis
1219 1485 1585 1572 positionis,
1631 1486 1813 1571 quod
1853 1499 1920 1551 et
1959 1485 2252 1551 celeriter
2292 1485 2667 1552 adolescant
2705 1485 2980 1565 semina,

523 1614 690 1679 quae
730 1614 865 1658 non
903 1591 1259 1678 fatigentur
1297 1592 1507 1657 multo
1546 1591 1669 1657 soli
1707 1614 1930 1678 pressa
1967 1591 2280 1678 pondere,
2322 1590 2614 1678 fiantque
2655 1591 2981 1671 uberiora,

524 1721 692 1785 quae
723 1697 955 1764 leuiter
984 1720 1301 1785 suspensa
1331 1698 1568 1778 si<n>t.

609 1806 788 1871 Nam
813 1820 1090 1891 utraque
1115 1805 1239 1871 ista
1266 1804 1394 1870 Iuli
1413 1805 1618 1871 Attici
1643 1805 1807 1871 ratio
1833 1804 2250 1872 conuincitur
2274 1805 2577 1892 exemplo
2602 1804 2982 1872 arbustiuae

522 1912 887 2000 positionis,
939 1934 1106 1998 quae
1154 1911 1400 1978 scilicet
1446 1911 1658 1977 multo
1707 1911 2094 1978 ualidiorem
2139 1911 2656 1999 fertilioremque
2703 1911 2983 1999 stirpem

406 2049 479 2099 40
523 2018 760 2097 reddit,
818 2018 1000 2104 quod
1055 2041 1191 2084 non
1243 2017 1504 2098 faceret,
1562 2019 1617 2084 si
1677 2021 1862 2102 [non]
1918 2018 2288 2084 laborarent
2341 2017 2533 2084 altius
2588 2018 2982 2103 demersa[e]

523 2125 793 2191 semina.
897 2143 940 2206 7
993 2124 1198 2211 quid?
1246 2124 1428 2210 quod
1473 2124 1781 2215 pastinati
1827 2124 2092 2204 humus,
2143 2125 2307 2191 dum
2352 2138 2452 2191 est
2498 2146 2724 2191 recens
2771 2125 2988 2191 soluta

528 2232 887 2318 laxataque,
942 2232 1126 2297 uelut
1175 2230 1501 2297 fermento
1553 2231 1846 2318 quodam
1896 2231 2294 2312 intumescit;
2347 2253 2502 2297 curn
2554 2231 2796 2298 deinde
2851 2254 2986 2298 non

523 2338 972 2425 longissimam
997 2338 1170 2424 cepit
1196 2350 1612 2418 uetustatem,
1641 2337 2037 2405 condensata
2060 2337 2345 2404 subsidit
2368 2359 2444 2404 ac
2468 2337 2652 2404 uelut
2677 2337 2983 2405 innatan-

523 2444 608 2510 tis
647 2444 896 2510 radices
935 2444 1175 2510 uitium
1214 2466 1479 2510 summo
1517 2444 1658 2510 solo
1699 2444 2013 2511 destituit.
2056 2443 2185 2511 hoc
2223 2458 2445 2511 autem
2483 2443 2705 2510 minus
2745 2444 2987 2512 accidit

409 2581 478 2630 45
526 2566 784 2618 nostrae
817 2550 1072 2630 sationi,
1111 2573 1242 2637 qua
1275 2550 1519 2617 maiore
1552 2573 1861 2617 mensura
1892 2550 2048 2616 uitis
2083 2551 2469 2618 demittitur.
2507 2572 2663 2617 nam
2697 2551 2885 2637 quod
2918 2551 2987 2617 in

527 2656 861 2744 profundo
917 2657 1169 2723 semina
1222 2655 1462 2744 frigore
1519 2656 1811 2723 laborare
1867 2657 2197 2737 dicuntur,
2256 2680 2378 2724 nos
2435 2679 2702 2744 quoque
2764 2663 2983 2737 <non>

525 2762 908 2843 diffitemur,
1000 2765 1043 2827 8
1084 2763 1201 2829 sed
1225 2786 1361 2829 non
1384 2778 1483 2830 est
1507 2763 1807 2851 dipondii
1832 2778 1898 2830 et
1922 2764 2261 2830 dodrantis
2284 2763 2583 2843 altitudo,
2611 2785 2782 2850 quae
2805 2762 2987 2830 istud

524 2869 782 2936 efficere
811 2870 1037 2957 possit,
1066 2892 1220 2936 cum
1246 2870 1649 2956 praesertim,
1681 2871 1863 2957 quod
1890 2870 2086 2956 paulo
2112 2884 2262 2937 ante
2288 2870 2681 2949 rettulimus,
2712 2870 2984 2957 depres-

531 2977 664 3043 sior
692 2976 1064 3042 arbustiuae
1095 2976 1250 3043 uitis
1277 2977 1441 3043 satio
1470 2990 1693 3043 tamen
1721 2976 1989 3064 effugiat
2016 2976 2427 3063 praedictum
2455 2976 2981 3043 incommodum.

436 3221 488 3276 2
620 3229 660 3271 1
697 3207 1000 3273 Alterum
1022 3207 1206 3286 illud,
1233 3207 1415 3293 quod
1438 3207 1691 3274 minore
1719 3207 2075 3294 <in>pensa
2098 3206 2266 3273 duos
2287 3206 2472 3293 palos
2494 3206 2692 3273 unius
2713 3207 2986 3273 seminis

528 3313 798 3400 flagellis
845 3319 1199 3393 cen<sen>t
1246 3313 1554 3393 maritari,
1604 3312 2048 3380 falsissimum:
2100 3314 2242 3379 siue
2288 3314 2468 3379 enim
2515 3326 2715 3400 caput
2763 3314 2986 3400 ipsum

597 3522 658 3563 a:
687 3508 857 3571 13-16
881 3506 1092 3560 Pallad.
1118 3506 1298 3572 3,16,2

523 3685 627 3737 AR
661 3711 699 3721 -
732 3684 994 3737 crobibus
1013 3684 1076 3738 S²
1110 3711 1149 3721 —
1184 3685 1518 3749 uipedaneae
1537 3684 1654 3737 S¹A
1686 3711 1725 3720 -
1760 3685 1829 3738 28
1850 3695 1984 3748 aput
2001 3684 2064 3737 8ι
2098 3711 2137 3720 -
2166 3699 2235 3748 29
2255 3683 2706 3737 coherceturSrfl
2725 3695 2983 3736 eoi-cetur

516 3772 608 3838 ΡΥ
642 3800 680 3810 -
716 3789 782 3838 32
811 3774 1127 3838 tripedanea
1156 3773 1316 3827 Schn.
1346 3774 1721 3837 tripedaneam
1747 3773 1788 3825 S
1813 3774 2117 3838 pedaneam
2144 3774 2248 3826 AR
2281 3799 2320 3810 -
2356 3789 2425 3838 34
2452 3773 2714 3838 praecipu
2740 3772 2819 3824 A¹
2850 3800 2888 3810 -
2912 3773 2980 3838 36

523 3863 821 3927 fatigantur
851 3864 955 3916 AR
989 3889 1028 3899 —
1064 3876 1132 3927 37
1165 3863 1275 3915 sint
1308 3862 1473 3929 γριὶς
1506 3863 1577 3915 sit
1610 3863 1752 3915 SAR
1786 3889 1825 3899 -
1857 3878 1929 3926 40
1962 3862 2098 3926 quid
2130 3861 2207 3914 A¹
2241 3888 2280 3899 -
2314 3879 2428 3914 non
2462 3863 2608 3926 (ante
2639 3861 2975 3925 laborarent)

524 3969 623 4004 om.
659 3965 702 4018 γ
734 3978 773 3988 -
807 3952 1056 4004 demersa
1084 3951 1604 4018 hwafiueqypen
1632 3952 1911 4004 demersae
1941 3952 2083 4004 SAR
2116 3978 2155 3988 -
2188 3967 2253 4015 4¹
2290 3952 2427 4016 quid
2458 3950 2610 4016 quod
2641 3951 2682 4003 S
2712 3951 2983 4016 quitquid

521 4040 598 4093 A¹
635 4041 900 4105 quicquid
936 4040 1065 4093 A¹R
1098 4067 1137 4077 —
1171 4058 1332 4093 recen
1367 4041 1482 4095 S¹A
1515 4068 1554 4078 -
1588 4056 1658 4104 4²
1695 4039 1950 4105 laxatque
1977 4042 2081 4094 AR
2109 4067 2148 4077 —
2169 4041 2410 4094 subsidit
2427 4040 2557 4093 Ala.
2584 4039 2821 4094 subsidii
2845 4041 2987 4093 SAR

521 4157 560 4167 -
587 4146 660 4195 44
688 4146 912 4182 summu
947 4129 1000 4181 A
1034 4156 1072 4166 -
1106 4130 1220 4182 sole
1255 4131 1359 4183 AR
1393 4156 1430 4166 -
1463 4145 1530 4194 45
1572 4146 1768 4182 mensu
1806 4129 1961 4181 ruitis
1991 4128 2105 4180 SA²
2133 4156 2172 4165 —
2200 4129 2770 4192 dirnittiturAR-46
2795 4129 2984 4182 labore

521 4218 637 4271 S¹A
684 4244 720 4255 -
761 4236 874 4271 non
919 4232 962 4285 γ
1005 4235 1102 4271 σπι.
1149 4219 1292 4272 SAR
1325 4245 1364 4255 -
1397 4232 1468 4283 47
1512 4219 1786 4283 dupundii
1831 4216 2082 4282 Ahjmfy
2115 4218 2371 4282 dipundii
2406 4216 2484 4284 bp
2521 4217 2795 4282 dupondii
2834 4232 2911 4283 9.
2945 4244 2983 4254 -

524 4307 729 4360 orantis
751 4308 843 4360 SA
875 4334 915 4344 -
949 4308 1082 4360 istut
1104 4307 1167 4360 S²
2096 4358 2100 4365 ,

595 4411 649 4451 22
695 4413 717 4449 1
751 4398 964 4450 minore
993 4395 1036 4449 b
1063 4397 1263 4449 minori
1293 4397 1435 4449 SAR
1468 4423 1507 4434 -
1540 4397 1790 4460 impensa
1818 4409 1862 4462 γ
1888 4412 2057 4460 pensa
2085 4396 2227 4448 SAR
2261 4421 2300 4432 -
2335 4411 2367 4449 2
2397 4406 2623 4448 censent
2650 4395 2822 4461 ed.pr.
2856 4406 2989 4449 cent

523 4486 667 4539 SAR
700 4513 738 4523 -
774 4503 804 4552 3
841 4486 1137 4539 statumina
1170 4499 1242 4552 pe
1276 4486 1611 4538 statuminna
1644 4483 1901 4549 SAhjmr
1926 4485 2262 4537 statuminum
2295 4483 2338 4537 b
2372 4485 2691 4539 statuminis
2725 4500 2765 4550 y
2798 4496 2983 4538 statu-
