3109 5559
996 352 1111 397 REI
1143 352 1465 399 RVSTICAE
1498 353 1627 398 LIB.
1662 352 1786 398 VIII
1818 353 1874 399 C.
1909 351 1946 414 5
2512 354 2591 414 23

341 515 751 587 animalibus,
810 534 1014 594 eaque
1070 516 1459 577 remouenda
1513 521 1687 588 sunt,
1745 535 1826 576 ne
1881 515 2194 578 incubans
2248 516 2424 578 inani
2479 535 2591 597 spe

340 621 592 684 diutius
618 622 972 684 retineatur
998 621 1214 683 effeta.

426 728 643 790 Pullos
691 734 911 790 autem
959 748 1089 790 non
1138 734 1394 807 oportet
1443 728 1743 808 singulos,
1795 734 1869 790 ut
1921 728 2188 808 quisque
2239 736 2433 791 natus
2482 730 2589 804 sit,

340 836 585 907 tollere,
617 835 731 896 sed
758 854 890 896 uno
921 835 1022 896 die
1051 836 1118 896 in
1150 834 1343 897 cubili
1372 835 1575 896 sinere
1605 855 1754 897 cum
1784 841 1990 897 matre
2020 842 2087 897 et
2117 854 2290 916 aqua
2318 836 2589 916 ciboque

280 956 315 1005 5
338 942 683 1013 abstinere,
746 942 903 1003 dum
962 961 1184 1003 omnes
1242 941 1664 1004 excudantur.
1727 948 1984 1022 postero
2044 942 2166 1014 die,
2228 961 2377 1004 cum
2436 962 2589 1023 grex

337 1048 535 1110 fuerit
572 1047 863 1120 effectus,
902 1048 1024 1110 hoc
1061 1049 1254 1110 modo
1290 1048 1669 1128 deponatur:
1710 1048 1917 1109 cribro
1954 1048 2214 1110 uiciario
2250 1050 2355 1111 uel
2390 1050 2588 1111 etiam
2613 1040 2687 1101 16

336 1154 607 1227 loliario,
637 1155 750 1234 qui
776 1155 907 1216 iam
933 1155 1126 1216 fuerit
1152 1155 1219 1216 in
1245 1173 1386 1226 usu,
1416 1154 1573 1234 pulli
1600 1161 2134 1235 superponantur,
2164 1155 2392 1217 deinde
2419 1157 2590 1237 pulei

336 1261 609 1322 surculis
647 1261 1056 1340 fumigentur.
1097 1280 1175 1322 ea
1211 1281 1310 1322 res
1345 1261 1648 1322 uideatur
1683 1261 2016 1341 prohibere
2054 1261 2381 1342 pituitam,
2421 1282 2587 1342 quae

336 1367 662 1429 celerrime
692 1375 946 1429 teneros
972 1367 1299 1429 interficit.

246 1489 315 1524 10
424 1474 580 1535 Post
613 1475 735 1536 hoc
768 1493 967 1536 cauea
999 1494 1148 1536 cum
1180 1480 1388 1535 matre
1421 1474 1720 1535 cludendi
1752 1479 1927 1545 sunt,
1952 1481 2020 1536 et
2044 1474 2209 1536 farre
2235 1476 2587 1537 hordeaceo
2611 1482 2683 1545 17

334 1599 489 1642 cum
517 1599 688 1660 aqua
713 1581 967 1642 incocto
996 1581 1099 1642 uel
1126 1580 1360 1642 adoreo
1390 1580 1553 1641 farre
1583 1580 1736 1641 uino
1763 1599 2048 1660 resperso
2075 1582 2322 1643 modice
2351 1582 2582 1645 alendi.

334 1706 493 1748 nam
535 1686 816 1748 maxime
860 1687 1145 1748 cruditas
1188 1687 1460 1748 uitanda
1502 1693 1619 1748 est.
1666 1693 1733 1748 et
1778 1688 1862 1748 ob
1906 1688 2028 1749 hoc
2072 1687 2204 1749 iam
2248 1688 2441 1750 tertia
2485 1689 2587 1751 die

336 1812 538 1855 cauea
573 1813 722 1855 cum
760 1800 968 1855 matre
1005 1793 1378 1855 continendi
1414 1799 1587 1865 sunt,
1628 1793 1931 1873 priusque
1968 1813 2166 1875 quam
2203 1794 2589 1857 emittantur

337 1899 424 1960 ad
450 1906 770 1962 recentem
795 1900 1031 1971 cibum,
1059 1900 1290 1979 singuli
1315 1899 1681 1980 temptandi
1706 1919 1786 1961 ne
1813 1901 1971 1979 quid
1995 1901 2275 1963 hesterni
2302 1901 2585 1964 habeant

242 2023 312 2073 15
337 2006 405 2067 in
436 2012 718 2085 gutture.
753 2025 906 2068 nam
937 2007 1059 2068 nisi
1089 2025 1297 2068 uacua
1328 2012 1425 2069 est
1457 2006 1791 2085 ingluuie5‚
1824 2008 2212 2069 cruditatem
2243 2007 2582 2087 significat,

338 2112 775 2193 abstinerique
806 2113 1043 2174 debent
1074 2113 1230 2174 dum
1258 2119 1685 2191 concoquant.

408 2314 513 2362 6—8
544 2314 706 2380 Geop.
741 2327 828 2378 14,
849 2330 900 2379 9.
924 2328 958 2364 ι
1179 2327 1346 2362 10—11
1394 2314 1561 2364 Varro
1590 2318 1721 2364 ruse.
1755 2326 1806 2376 3,
1836 2328 1886 2378 9,
1913 2327 1982 2364 21

413 2505 436 2540 1
470 2492 530 2541 ni
560 2489 783 2561 οὓψιιῑ
996 2492 1330 2541 incumbans
1377 2486 1480 2549 oda
1507 2491 1801 2541 incumbas
1835 2502 1889 2542 ω
2101 2492 2267 2543 neani
2295 2487 2369 2542 A²

331 2581 490 2631 inani
536 2595 636 2645 spe
683 2586 801 2646 post
847 2581 1066 2631 diutius
1096 2575 1151 2638 lv
1400 2582 1518 2645 spe]
1572 2594 1701 2644 sepe
1745 2574 1864 2629 ont²
2127 2595 2226 2646 spe
2261 2582 2430 2645 (sepe)
2465 2588 2583 2648 post

331 2670 646 2719 retineatur
692 2663 870 2738 qnx¹t¹
1087 2683 1117 2718 2
1149 2670 1458 2720 retineatur
1487 2663 1673 2740 ΒΑκγ
1701 2670 2022 2720 detineatur
2049 2666 2102 2720 R.
2130 2671 2518 2721 dettineantur
2548 2680 2583 2721 fl

549 2758 758 2808 effecta
785 2753 957 2808 ⁸¹0²ss

407 2859 438 2909 3
470 2852 665 2897 autem
696 2862 798 2898 om.
831 2841 856 2896 t
1045 2847 1330 2912 oportebit
1360 2841 1385 2896 t
1576 2848 1826 2912 singulos
1855 2854 1975 2914 post
2003 2848 2078 2897 sit
2107 2856 2144 2906 p
2324 2864 2357 2912 4
2387 2849 2581 2899 tollere

331 2952 436 2987 om.
468 2944 506 2986 ⁸
717 2937 813 2986 sed
846 2950 960 2986 uno
987 2974 998 2986 .
1029 2972 1041 2985 .
1071 2972 1083 2986 .
1115 2936 1397 2986 abstinere
1427 2952 1530 2987 om.
1562 2932 1624 2985 11²
1839 2952 1955 2988 una
1983 2933 2119 2987 ah¹k
2335 2952 2366 3001 5
2397 2939 2581 2988 exclu-

330 3027 543 3076 dantur
571 3020 683 3075 A¹b
729 3025 1082 3075 excubantur
1110 3010 1319 3095 Α’φψ
1538 3027 1574 3074 6
1602 3025 1808 3076 effetus
1836 3022 2088 3096 Saizqnffl
2278 3027 2580 3091 deponitur

329 3121 450 3185 αιγ
500 3114 623 3177 (exc.
658 3109 698 3176 t)
751 3114 964 3179 deponr
993 3108 1030 3163 11
1057 3114 1414 3177 deponantur
1444 3122 1476 3163 ο
1689 3115 1915 3165 uitiario
1943 3110 1979 3166 8
2009 3121 2056 3166 ee
2084 3111 2137 3165 R.
2165 3117 2366 3182 aliquot

335 3218 366 3267 7
397 3208 520 3253 tam
548 3197 601 3252 A
786 3205 1179 3268 supponantur
1207 3198 1267 3253 st
1295 3207 1641 3267 reponantur
1668 3212 1704 3260 9
1912 3204 2061 3268 pulei
2082 3200 2313 3274 iqqnx¹t¹
2337 3204 2521 3270 pulcis
2544 3199 2581 3254 d

330 3292 538 3357 pulegii
585 3301 619 3349 p
837 3292 868 3340 8
898 3292 1151 3342 surculus
1199 3291 1383 3362 ml
1601 3292 1905 3356 fungentur
1953 3293 2084 3362 91111
2317 3294 2578 3343 uideatur

329 3375 448 3432 ue
477 3381 702 3431 uidetur
730 3376 783 3430 R.

408 3482 473 3518 10
502 3469 685 3533 h(a)ec
715 3477 865 3539 οιιγυ
894 3470 966 3519 he
995 3464 1032 3519 d
1061 3485 1162 3520 om.
1196 3468 1254 3526 8¹
1468 3469 1765 3521 claudendi
1798 3465 2025 3540 <pedm
2055 3471 2315 3521 eludendi
2345 3480 2380 3521 ο

328 3559 599 3609 ordeaceo
639 3554 692 3608 R.
733 3558 935 3624 aliquot
1149 3559 1456 3609 hordeaceo
1495 3595 1508 3607 .
1540 3595 1552 3608 .
1584 3596 1595 3608 .
1629 3559 1775 3609 farre
1819 3574 1920 3610 om.
1954 3568 1990 3628 9
2208 3574 2266 3609 11
2301 3560 2474 3611 adoro
2502 3555 2578 3610 A²

327 3648 557 3698 adorieo
593 3646 691 3696 111²
721 3648 918 3697 adorre
949 3655 985 3703 q
1177 3660 1390 3711 -sperso
1420 3663 1523 3698 om.
1556 3663 1614 3698 u.
1647 3655 1729 3714 sp.
1763 3664 1807 3699 r.
1842 3633 1906 3718 ψ
2087 3654 2205 3714 post
2234 3650 2421 3699 alendi
2451 3652 2574 3701 add.

326 3740 464 3787 sunt
509 3721 573 3806 ψ
795 3750 857 3785 12
889 3736 1190 3787 crudelitas
1236 3721 1300 3806 ψ
1517 3740 1576 3785 et
1608 3752 1708 3788 om.
1748 3746 1782 3794 p
1997 3737 2091 3800 ob]
2125 3738 2200 3788 ab
2228 3723 2364 3808 αψο

326 3826 443 3876 iam
478 3840 581 3876 om.
613 3818 714 3874 AB
962 3825 1078 3875 iam
1107 3826 1278 3875 tertia
1321 3825 1431 3887 die]
1479 3826 1536 3874 in
1569 3825 1764 3875 horam
1795 3825 2025 3876 tertiam
2054 3836 2088 3884 p
2310 3840 2370 3888 13
2402 3842 2575 3878 cauea

326 3930 432 3965 om.
464 3908 489 3963 t
688 3927 818 3963 cum
848 3908 1097 3984 Shanw
1127 3908 1363 3973 om.‚AB
1563 3915 1840 3964 condendi
1871 3923 1906 3972 n
2107 3915 2371 3980 priusque
2401 3931 2574 3981 quam

323 3998 446 4054 ΒΑΘ
492 4002 821 4067 priusquam
862 3998 915 4052 R.
957 4003 1110 4066 prius
1157 3999 1225 4052 lo
1446 4015 1509 4066 14
1538 4005 1822 4054 temtandi
1869 3999 1928 4054 st
1974 4004 2326 4053 tementandi
2371 3999 2424 4054 A
2451 4010 2572 4070 tep-

322 4092 491 4142 tandi
518 4100 549 4140 r
576 4091 849 4142 tendandi
879 4086 1068 4148 kwedn
1175 4110 1179 4114 ·
1265 4106 1336 4140 ne
1367 4086 1561 4142 om.8A
1737 4093 1942 4142 esterni
1973 4089 2009 4143 8
2037 4098 2084 4143 et
2112 4088 2165 4142 R.
2193 4094 2396 4159 aliquot

332 4195 396 4244 15
426 4180 535 4230 nisi
563 4175 599 4231 8
628 4194 758 4230 cum
803 4165 867 4250 ψ
913 4196 1017 4231 om.
1049 4174 1150 4230 AB
1347 4184 1545 4243 uacua]
1595 4185 1800 4231 natura
1823 4189 1855 4230 ο
2012 4184 2076 4230 16
2104 4187 2457 4246 concoquant
2488 4178 2575 4233 SR.

323 4274 576 4335 eoquant
605 4263 658 4318 A
