3109 5559
1765 53 1884 120 Rei
1913 52 2192 119 rusticae
2221 51 2334 120 lib.
2370 53 2468 120 IV
2496 75 2553 121 c.
2592 74 2794 140 10-13

381 243 499 297 12
543 230 668 295 De
690 228 985 295 nouella
1012 227 1450 316 subrigenda

637 411 677 453 1
717 389 1135 455 Putationem
1189 388 1488 477 sequitur
1537 388 1669 455 iam
1717 389 2059 477 pedandae
2107 389 2340 457 uineae
2388 411 2564 458 cura.
2616 414 2824 457 uerun

542 518 765 562 annus
795 495 1098 563 nondum
1127 496 1593 563 uehementem
1622 496 1850 583 palum
1880 510 1995 563 aut
2024 496 2299 564 ridicam
2329 496 2674 564 desiderat.
2710 511 2826 564 not

539 616 649 669 oet
669 603 850 669 enim
870 626 908 669 a
929 625 1037 669 me
1057 603 1450 691 plerumque
1469 616 1765 670 teneram
1785 603 2050 669 uincam
2071 604 2307 671 melius
2328 604 2728 671 adminiculo
2746 627 2824 670 m«

457 739 492 790 ς
543 732 754 797 quam
783 708 1163 776 uehementi
1191 709 1635 796 adquiescere;
1667 709 1888 797 itaque
1919 723 2033 776 aut
2060 724 2335 790 ueteres,
2369 732 2452 777 ne
2482 732 2693 777 nouae
2723 714 2824 777 rac*

540 829 764 902 agant,
824 815 1225 882 harundines
1282 815 1470 882 binas
1526 815 2006 903 adplicabimus
2061 816 2335 903 singulis
2392 816 2701 896 uiticulis,
2761 838 2824 883 at

541 922 835 1009 regionis
860 922 1155 988 conditio
1179 922 1521 1009 permittit,
1552 923 1636 989 de
1662 922 1979 1009 uepribus
2004 922 2280 1002 hastilia,
2309 922 2555 1009 quibus
2580 923 2824 990 adnect⁴

540 1027 843 1115 singulae
895 1042 1302 1095 transuersae
1354 1029 1639 1116 perticae
1692 1029 1762 1096 in
1814 1051 2017 1096 unam
2068 1043 2324 1116 partem
2376 1029 2649 1109 ordinis;
2739 1051 2779 1097 2

539 1157 758 1222 genus
784 1134 920 1222 iugi
945 1135 1357 1201 cantherium
1382 1148 1625 1202 uocant
1650 1136 1896 1203 rustici.
1926 1135 2290 1223 plurimum
2316 1135 2387 1203 id
2412 1135 2610 1203 refert
2636 1158 2797 1216 esse,

417 1272 496 1310 10
541 1242 824 1328 paulum
849 1240 1022 1307 infra
1047 1240 1502 1308 curuationem
1528 1241 1686 1309 uitis
1710 1264 2070 1330 prorepens
2096 1241 2451 1330 pampinus
2477 1243 2700 1309 statim
2725 1243 2824 1330 ad]

540 1349 658 1415 dat
680 1362 747 1415 et
770 1348 839 1414 in
862 1362 1234 1415 transuersa
1255 1348 1478 1436 potius
1500 1371 1570 1415 se
1592 1348 1829 1416 fundat
1852 1370 2053 1435 quam
2075 1348 2146 1415 in
2167 1348 2343 1415 edita
2363 1363 2733 1436 uentosque
2756 1348 2822 1415 fa

538 1455 865 1521 sustineat
908 1454 1231 1521 subnixus
1274 1455 1631 1522 cantherio.
1678 1455 1881 1543 idque
1926 1454 2156 1542 iugum
2200 1454 2370 1521 intra
2413 1469 2725 1542 quartum
2767 1479 2824 1543 p«

537 1560 861 1629 conuenit
891 1561 1201 1641 adleuari,
1237 1561 1400 1628 dum
1430 1584 1500 1628 se
1530 1562 1727 1628 uinea
1756 1561 2155 1628 corroboret.

288 1678 298 1713 Ι

289 1760 290 1763 ’
385 1753 488 1830 13
627 1761 670 1804 ι
716 1739 1225 1826 Inpedationem
1262 1739 1501 1805 deinde
1532 1739 1831 1826 sequitur
1863 1738 2200 1825 adligator,
2234 1739 2424 1806 cuius
2453 1739 2751 1806 officium
2782 1763 2824 1806 e

536 1861 792 1914 rectam
822 1846 1031 1912 uitem
1061 1846 1384 1933 producat
1413 1846 1484 1912 in
1515 1846 1767 1932 iugum:
1803 1868 1972 1934 quae
2003 1845 2144 1912 siue
2176 1846 2357 1913 iuxta
2386 1846 2613 1933 palum
2643 1861 2743 1914 est
2773 1869 2823 1933 p

535 1967 617 2020 ut
643 1953 1049 2041 quibusdam
1073 1953 1288 2040 placet
1313 1952 1712 2032 auctoribuS,
1742 1952 2093 2019 obseruare
2122 1952 2409 2032 debebit,
2440 1953 2557 2041 qui
2584 1953 2823 2020 adnect

537 2060 612 2126 in
654 2060 980 2147 alliganda
1023 2059 1294 2126 materia
1334 2059 1582 2126 flexum
1624 2059 1778 2146 pali,
1824 2059 1880 2125 si
1923 2058 2093 2126 forte
2135 2081 2383 2125 curuus
2424 2073 2544 2139 est,
2590 2081 2824 2146 sequer

453 2197 486 2245 ς
538 2181 755 2253 putet,
783 2188 937 2232 nam
960 2189 1037 2233 ea
1059 2188 1164 2233 res
1187 2188 1428 2233 uncam
1451 2167 1662 2232 uitem
1685 2165 1863 2246 facit;
1889 2165 2051 2245 siue,
2079 2179 2155 2232 ut
2171 2166 2395 2232 Attico
2418 2179 2485 2233 et
2508 2166 2824 2233 nonnulli}

535 2272 843 2359 agricolis
870 2273 1092 2339 uisum
1121 2286 1241 2353 est,
1274 2274 1444 2339 inter
1473 2273 1682 2340 uitem
1710 2286 1777 2340 et
1804 2272 2032 2360 palum
2060 2273 2350 2359 spatium
2377 2272 2789 2360 relinquitur,

536 2400 666 2445 nec
706 2377 872 2444 mihi
912 2379 1234 2466 displicet,
1277 2393 1453 2446 recta
1491 2378 1795 2446 harundo
1834 2379 2253 2465 adiungenda
2291 2378 2482 2465 stirpi
2519 2391 2619 2445 est
2657 2392 2724 2446 et
2763 2379 2824 2445 it:

540 2484 779 2552 crebra
807 2485 1164 2552 retinacula
1194 2486 1265 2553 in
1293 2486 1526 2574 iugum
1556 2486 2000 2574 perducenda.

299 2266 312 2309 l

626 2591 896 2657 Vinculi
926 2613 1135 2678 genus
1166 2592 1358 2679 quale
1390 2593 1495 2673 sit,
1530 2616 1668 2680 quo
1700 2592 2055 2680 religantur
2085 2592 2355 2672 semina,
2390 2591 2755 2679 plurimum
2786 2615 2824 2657 r«

297 2718 308 2757 ε
421 2730 490 2766 ιο
537 2718 583 2764 2
629 2720 786 2764 nam
817 2698 981 2764 dum
1010 2699 1272 2766 nouella
1299 2700 1495 2766 uinea
1521 2713 1641 2780 est,
1676 2722 1877 2786 quam
1907 2699 2295 2766 mollissimo
2324 2699 2647 2766 nectenda
2675 2712 2793 2778 est,

536 2804 597 2871 si
627 2804 994 2871 uiminibus
1023 2805 1237 2872 salicis
1266 2818 1379 2872 aut
1409 2805 1576 2873 ulmi
1605 2806 1928 2892 ligaueris,
1962 2806 2331 2872 increscens
2360 2805 2517 2871 uitis
2547 2828 2618 2872 se
2647 2805 2789 2892 ipsa
2818 2830 2824 2892 ]

537 2911 725 2978 cidit.
774 2910 1026 2998 optima
1069 2924 1168 2978 est
1212 2934 1367 2999 ergo
1413 2912 1666 2998 genista
1708 2912 1817 2979 uel
1862 2911 2218 2999 paludibus
2263 2911 2565 2979 desectus
2611 2911 2824 2978 iuncus

535 3017 720 3097 ulua;
763 3039 898 3083 non
937 3018 1222 3104 pessime
1261 3030 1484 3084 tamen
1524 3018 1596 3084 in
1635 3018 1872 3084 umbra
1909 3017 2148 3086 siccata
2186 3017 2438 3085 faciunt
2477 3018 2548 3084 in
2589 3017 2768 3084 hunc
2808 3040 2824 3082 ι

539 3123 997 3191 harundinum
1028 3146 1296 3212 quoque
1327 3123 1502 3191 folia.

613 3297 702 3336 12:
729 3282 834 3335 6-8
857 3281 998 3335 Ptin.
1026 3292 1136 3334 nat.
1166 3282 1361 3347 17,165

612 3387 701 3438 132
733 3387 903 3425 11-12
927 3370 1067 3424 Plan.
1094 3382 1206 3425 nat.
1234 3373 1458 3437 17,187,·
1481 3371 1693 3425 Pallad.
1720 3384 1866 3436 4‚7‚2

613 3528 703 3568 12³
743 3531 766 3566 1
805 3524 892 3579 pr.
925 3512 1204 3580 SAhbrye
1237 3540 1277 3551 -
1304 3524 1427 3579 post
1455 3515 1789 3579 subrigenda
1819 3513 1941 3566 add.
1975 3514 2260 3579 putatione
2289 3513 2342 3565 A
2372 3514 2719 3578 putationem
2750 3513 2824 3567 hh

319 3612 331 3647 ¹
537 3620 571 3658 2
609 3603 959 3668 putationem
991 3620 1090 3656 om.
1114 3602 1373 3667 (nabricae
1390 3603 1540 3666 add.)
1559 3603 1612 3655 A
1645 3630 1685 3640 -
1719 3620 1849 3656 nam
1867 3602 1960 3656 SA
1994 3630 2032 3640 -
2068 3619 2097 3667 3
2120 3603 2353 3667 rigidam
2372 3603 2412 3656 S
2431 3603 2691 3656 ruelicam
2710 3616 2744 3669 ρ
2765 3621 2823 3656 ra

538 3708 578 3758 y
611 3719 654 3730 -
685 3709 724 3757 4
744 3704 921 3745 teram
942 3692 1005 3745 S¹
1026 3704 1228 3745 terram
1247 3691 1449 3759 Ahmp
1484 3719 1523 3729 —
1560 3709 1590 3758 5
1608 3702 1730 3758 post
1750 3692 2066 3745 uehementi
2087 3692 2211 3745 add.
2235 3693 2362 3757 palo
2381 3693 2434 3744 R
2468 3719 2507 3729 -
2542 3693 2575 3745 6
2597 3692 2824 3745 harundi

537 3782 740 3834 harum
766 3782 997 3847 singulis
1025 3782 1117 3834 SA
1150 3808 1189 3818 —
1224 3782 1379 3835 uinas
1407 3782 1460 3834 A
1493 3808 1532 3818 —
1568 3782 1972 3847 adplicauimus
1999 3782 2091 3834 SA
2124 3809 2163 3818 —
2198 3782 2596 3846 adplicabimus
2618 3792 2739 3847 post
2765 3783 2822 3834 ui

540 3880 644 3936 erp.
673 3871 727 3923 R
747 3897 786 3906 -
807 3871 1069 3924 uitiilicus
1095 3871 1148 3923 A
1166 3871 1374 3924 uitibus
1390 3872 1444 3924 R
1463 3898 1501 3909 -
1525 3885 1560 3936 7
1578 3871 1831 3925 condicio
1848 3871 1901 3923 A
1920 3898 1959 3908 -
1979 3871 2243 3935 uepribus
2261 3870 2324 3923 S⁸
2342 3872 2567 3935 ueprius
2585 3870 2722 3925 S¹A⁸
2740 3872 2824 3924 bu·

536 3959 613 4011 A¹
637 3959 921 4012 ueteribus
943 3960 997 4012 R
1030 3987 1069 3996 —
1110 3976 1174 4012 10
1196 3960 1426 4025 paulum
1439 3958 1464 4024 j
1488 3961 1678 4025 palum
1702 3959 1920 4013 swa
1950 3987 1989 3998 -
2024 3961 2326 4024 adprendat
2347 3961 2531 4025 scripsi
2550 3961 2824 4025 adprenda

538 4049 924 4114 adprehendat
961 4047 1076 4115 ju
1119 4049 1537 4113 adprehendant
1581 4047 1861 4115 hb¹frycu
1894 4077 1933 4086 —
1974 4065 2036 4103 12
2081 4050 2361 4102 subnexus
2404 4050 2496 4102 SA
2530 4076 2568 4086 -
2602 4050 2795 4114 iugum

541 4155 750 4203 genum
775 4137 852 4190 A¹
886 4164 926 4175 -
965 4154 1028 4203 13
1054 4139 1419 4203 conprobaret
1443 4139 1535 4191 SA

612 4242 701 4293 13:
749 4244 771 4279 1
808 4228 1077 4292 adligator
1097 4226 1123 4293 j
1154 4227 1432 4292 adlegator
1459 4226 1678 4281 Smer
1708 4254 1747 4263 -
1783 4242 1816 4280 2
1846 4227 2073 4291 paulum
2101 4225 2196 4292 A¹j
2233 4254 2270 4264 -
2307 4243 2336 4291 3
2369 4238 2431 4279 ut
2463 4226 2799 4291 quibusdam

537 4317 859 4369 auctoribus
889 4333 989 4369 om.
1023 4315 1116 4369 SA
1148 4343 1187 4352 -
1221 4316 1428 4381 placuit
1451 4315 1476 4381 j
1511 4343 1551 4353 -
1585 4317 1620 4369 6
1649 4317 1880 4381 paulum
1908 4316 1971 4370 8ι
2006 4343 2044 4353 -
2079 4316 2408 4381 relinquitur
2437 4314 2546 4381 SAj
2578 4316 2826 4379 relinque

538 4417 622 4459 est
651 4405 780 4458 hle
809 4432 849 4443 -
882 4419 917 4471 7
947 4406 1214 4471 displacet
1240 4405 1316 4457 A¹
1350 4432 1389 4442 -
1425 4406 1457 4458 8
1486 4406 1666 4460 cribra
1693 4404 1809 4458 SA¹
1842 4433 1881 4443 —
1916 4423 2050 4472 gum
2076 4406 2117 4459 S
2149 4432 2188 4442 -
2224 4421 2257 4469 9
2288 4405 2543 4470 religatur
2569 4405 2661 4457 SA
2689 4405 2824 4470 redis
