<?xml version="1.0" encoding="UTF-8"?>
<!DOCTYPE html PUBLIC "-//W3C//DTD XHTML 1.0 Transitional//EN"
    "http://www.w3.org/TR/xhtml1/DTD/xhtml1-transitional.dtd">
<html xmlns="http://www.w3.org/1999/xhtml" xml:lang="en" lang="en">
 <head>
  <title>
</title>
<meta http-equiv="Content-Type" content="text/html;charset=utf-8" />
  <meta name='ocr-system' content='tesseract 3.04.00' />
  <meta name='ocr-capabilities' content='ocr_page ocr_carea ocr_par ocr_line ocrx_word'/>
</head>
<body>
  <div class='ocr_page' id='page_1' title='image "./operaquaeexstan00hedbgoog_0470.png"; bbox 0 0 3109 5559; ppageno 0'>
   <div class='ocr_carea' id='block_1_1' title="bbox 563 305 1878 351">
    <p class='ocr_par' dir='ltr' id='par_1_1' title="bbox 563 305 1878 351">
     <span class='ocr_line' id='line_1_1' title="bbox 563 305 1878 351; baseline -0.001 0"><span class='ocrx_word' id='word_1_1' title='bbox 563 305 685 351; x_wconf 72' lang='lat' dir='ltr'><strong>xlv</strong></span> <span class='ocrx_word' id='word_1_2' title='bbox 1502 305 1878 351; x_wconf 74' lang='lat' dir='ltr'>PRAEFATIO</span> 
     </span>
    </p>
   </div>
   <div class='ocr_carea' id='block_1_2' title="bbox 562 467 2838 1399">
    <p class='ocr_par' dir='ltr' id='par_1_2' title="bbox 562 467 2838 1399">
     <span class='ocr_line' id='line_1_2' title="bbox 647 467 2838 547; baseline -0 -19"><span class='ocrx_word' id='word_1_3' title='bbox 647 467 1203 529; x_wconf 87' lang='lat' dir='ltr'><strong>Parallelorum</strong></span> <span class='ocrx_word' id='word_1_4' title='bbox 1248 467 1361 547; x_wconf 89' lang='lat' dir='ltr'><strong>qui</strong></span> <span class='ocrx_word' id='word_1_5' title='bbox 1406 475 1728 529; x_wconf 80' lang='lat' dir='ltr'><strong>uocantur</strong></span> <span class='ocrx_word' id='word_1_6' title='bbox 1772 467 2112 529; x_wconf 90' lang='lat' dir='ltr'><strong>locorum</strong></span> <span class='ocrx_word' id='word_1_7' title='bbox 2157 467 2604 528; x_wconf 81' lang='lat' dir='ltr'><strong>collectionem</strong></span> <span class='ocrx_word' id='word_1_8' title='bbox 2650 486 2838 528; x_wconf 85' lang='lat' dir='ltr'><strong>oom-</strong></span> 
     </span>
     <span class='ocr_line' id='line_1_3' title="bbox 564 573 2834 654; baseline -0.001 -18"><span class='ocrx_word' id='word_1_9' title='bbox 564 573 2834 654; x_wconf 61' lang='lat' dir='ltr'><strong>pleripossenonmihiignotumoet.1„ocosVarronisetPalladii</strong></span> 
     </span>
     <span class='ocr_line' id='line_1_4' title="bbox 564 680 2830 761; baseline -0.001 -19"><span class='ocrx_word' id='word_1_10' title='bbox 564 681 803 742; x_wconf 85' lang='lat' dir='ltr'><strong>similes</strong></span> <span class='ocrx_word' id='word_1_11' title='bbox 839 681 1119 761; x_wconf 88' lang='lat' dir='ltr'><strong>primum</strong></span> <span class='ocrx_word' id='word_1_12' title='bbox 1156 681 1520 742; x_wconf 69' lang='lat' dir='ltr'><strong>afferendos</strong></span> <span class='ocrx_word' id='word_1_13' title='bbox 1555 680 1800 742; x_wconf 83' lang='lat' dir='ltr'><strong>curaui.</strong></span> <span class='ocrx_word' id='word_1_14' title='bbox 1843 681 2252 742; x_wconf 64' lang='lat' dir='ltr'><strong>Imitationoe</strong></span> <span class='ocrx_word' id='word_1_15' title='bbox 2285 699 2328 741; x_wconf 87' lang='lat' dir='ltr'>a</span> <span class='ocrx_word' id='word_1_16' title='bbox 2362 680 2656 741; x_wconf 82' lang='lat' dir='ltr'><strong>fontibus</strong></span> <span class='ocrx_word' id='word_1_17' title='bbox 2692 699 2830 741; x_wconf 90' lang='lat' dir='ltr'><strong>non</strong></span> 
     </span>
     <span class='ocr_line' id='line_1_5' title="bbox 565 786 2830 866; baseline -0 -18"><span class='ocrx_word' id='word_1_18' title='bbox 565 787 868 859; x_wconf 82' lang='lat' dir='ltr'><strong>disiunxi,</strong></span> <span class='ocrx_word' id='word_1_19' title='bbox 907 807 1059 849; x_wconf 88' lang='lat' dir='ltr'><strong>cum</strong></span> <span class='ocrx_word' id='word_1_20' title='bbox 1095 795 1391 849; x_wconf 84' lang='lat' dir='ltr'>auctores</span> <span class='ocrx_word' id='word_1_21' title='bbox 1427 787 1541 866; x_wconf 88' lang='lat' dir='ltr'><strong>qui</strong></span> <span class='ocrx_word' id='word_1_22' title='bbox 1579 787 1662 848; x_wconf 92' lang='lat' dir='ltr'><strong>de</strong></span> <span class='ocrx_word' id='word_1_23' title='bbox 1697 787 1889 848; x_wconf 87' lang='lat' dir='ltr'><strong>rebus</strong></span> <span class='ocrx_word' id='word_1_24' title='bbox 1925 787 2180 849; x_wconf 88' lang='lat' dir='ltr'><strong>rusticis</strong></span> <span class='ocrx_word' id='word_1_25' title='bbox 2217 793 2366 866; x_wconf 84' lang='lat' dir='ltr'><strong>post</strong></span> <span class='ocrx_word' id='word_1_26' title='bbox 2402 786 2830 848; x_wconf 81' lang='lat' dir='ltr'><strong>Columellam</strong></span> 
     </span>
     <span class='ocr_line' id='line_1_6' title="bbox 562 893 2838 973; baseline -0 -18"><span class='ocrx_word' id='word_1_27' title='bbox 562 893 957 973; x_wconf 83' lang='lat' dir='ltr'><strong>scripserunt</strong></span> <span class='ocrx_word' id='word_1_28' title='bbox 984 894 1179 955; x_wconf 89' lang='lat' dir='ltr'><strong>libros</strong></span> <span class='ocrx_word' id='word_1_29' title='bbox 1205 893 1321 973; x_wconf 92' lang='lat' dir='ltr'><strong>qui</strong></span> <span class='ocrx_word' id='word_1_30' title='bbox 1352 901 1507 955; x_wconf 83' lang='lat' dir='ltr'><strong>ante</strong></span> <span class='ocrx_word' id='word_1_31' title='bbox 1532 913 1682 955; x_wconf 89' lang='lat' dir='ltr'><strong>eum</strong></span> <span class='ocrx_word' id='word_1_32' title='bbox 1707 928 1792 938; x_wconf 94' lang='lat'>—</span> <span class='ocrx_word' id='word_1_33' title='bbox 1819 893 2056 955; x_wconf 82' lang='lat' dir='ltr'><strong>Latina</strong></span> <span class='ocrx_word' id='word_1_34' title='bbox 2080 899 2199 954; x_wconf 85' lang='lat' dir='ltr'><strong>aut</strong></span> <span class='ocrx_word' id='word_1_35' title='bbox 2226 893 2472 955; x_wconf 74' lang='lat' dir='ltr'><strong>Graeoe</strong></span> <span class='ocrx_word' id='word_1_36' title='bbox 2495 893 2718 972; x_wconf 82' lang='lat' dir='ltr'><strong>lingua</strong></span> <span class='ocrx_word' id='word_1_37' title='bbox 2743 927 2838 937; x_wconf 91' lang='lat'><strong>—-</strong></span> 
     </span>
     <span class='ocr_line' id='line_1_7' title="bbox 564 999 2836 1079; baseline -0 -18"><span class='ocrx_word' id='word_1_38' title='bbox 564 1001 906 1079; x_wconf 84' lang='lat' dir='ltr'>compositi</span> <span class='ocrx_word' id='word_1_39' title='bbox 948 1007 1133 1062; x_wconf 83' lang='lat' dir='ltr'><strong>erant</strong></span> <span class='ocrx_word' id='word_1_40' title='bbox 1178 1000 1389 1062; x_wconf 73' lang='lat' dir='ltr'><strong>fontes</strong></span> <span class='ocrx_word' id='word_1_41' title='bbox 1432 1000 1609 1061; x_wconf 81' lang='lat' dir='ltr'><strong>haud</strong></span> <span class='ocrx_word' id='word_1_42' title='bbox 1651 1019 1796 1062; x_wconf 84' lang='lat' dir='ltr'><strong>raro</strong></span> <span class='ocrx_word' id='word_1_43' title='bbox 1837 1000 2226 1061; x_wconf 82' lang='lat' dir='ltr'><strong>habuerunt.</strong></span> <span class='ocrx_word' id='word_1_44' title='bbox 2271 999 2486 1061; x_wconf 84' lang='lat' dir='ltr'><strong>Multa</strong></span> <span class='ocrx_word' id='word_1_45' title='bbox 2526 1018 2698 1079; x_wconf 82' lang='lat' dir='ltr'><strong>quae</strong></span> <span class='ocrx_word' id='word_1_46' title='bbox 2741 999 2836 1060; x_wconf 80' lang='lat' dir='ltr'><strong>ad</strong></span> 
     </span>
     <span class='ocr_line' id='line_1_8' title="bbox 566 1105 2836 1187; baseline -0 -19"><span class='ocrx_word' id='word_1_47' title='bbox 566 1107 684 1168; x_wconf 82' lang='lat' dir='ltr'><strong>has</strong></span> <span class='ocrx_word' id='word_1_48' title='bbox 715 1126 815 1168; x_wconf 57' lang='lat' dir='ltr'><strong>res</strong></span> <span class='ocrx_word' id='word_1_49' title='bbox 848 1113 1147 1187; x_wconf 82' lang='lat' dir='ltr'><strong>spectant</strong></span> <span class='ocrx_word' id='word_1_50' title='bbox 1178 1107 1245 1167; x_wconf 90' lang='lat' dir='ltr'><strong>in</strong></span> <span class='ocrx_word' id='word_1_51' title='bbox 1278 1107 1841 1185; x_wconf 50' lang='lat' dir='ltr'><strong>Pauly-wiffam,</strong></span> <span class='ocrx_word' id='word_1_52' title='bbox 1883 1106 2476 1186; x_wconf 66' lang='lat' dir='ltr'><strong>Realencyklopd‘die</strong></span> <span class='ocrx_word' id='word_1_53' title='bbox 2506 1125 2637 1167; x_wconf 90' lang='lat' dir='ltr'><strong>s.u.</strong></span> <span class='ocrx_word' id='word_1_54' title='bbox 2675 1105 2836 1167; x_wconf 77' lang='lat' dir='ltr'><strong>»Ge-</strong></span> 
     </span>
     <span class='ocr_line' id='line_1_9' title="bbox 566 1213 2820 1293; baseline -0 -19"><span class='ocrx_word' id='word_1_55' title='bbox 566 1213 987 1292; x_wconf 72' lang='lat' dir='ltr'><strong>fliigelzucht»</strong></span> <span class='ocrx_word' id='word_1_56' title='bbox 1010 1220 1167 1274; x_wconf 89' lang='lat' dir='ltr'><strong>tom.</strong></span> <span class='ocrx_word' id='word_1_57' title='bbox 1196 1213 1324 1274; x_wconf 92' lang='lat' dir='ltr'><strong>VII</strong></span> <span class='ocrx_word' id='word_1_58' title='bbox 1350 1213 1469 1275; x_wconf 85' lang='lat' dir='ltr'><strong>col.</strong></span> <span class='ocrx_word' id='word_1_59' title='bbox 1496 1230 1782 1293; x_wconf 86' lang='lat'>903-927</span> <span class='ocrx_word' id='word_1_60' title='bbox 1812 1213 1922 1293; x_wconf 81' lang='lat' dir='ltr'><strong>(ad</strong></span> <span class='ocrx_word' id='word_1_61' title='bbox 1944 1214 2180 1275; x_wconf 88' lang='lat' dir='ltr'><strong>librum</strong></span> <span class='ocrx_word' id='word_1_62' title='bbox 2203 1213 2535 1290; x_wconf 84' lang='lat' dir='ltr'><strong>octauum)</strong></span> <span class='ocrx_word' id='word_1_63' title='bbox 2564 1219 2632 1273; x_wconf 89' lang='lat' dir='ltr'><strong>et</strong></span> <span class='ocrx_word' id='word_1_64' title='bbox 2660 1218 2820 1274; x_wconf 91' lang='lat' dir='ltr'><strong>tom.</strong></span> 
     </span>
     <span class='ocr_line' id='line_1_10' title="bbox 570 1319 2824 1399; baseline 0 -19"><span class='ocrx_word' id='word_1_65' title='bbox 570 1319 673 1380; x_wconf 94' lang='lat'><strong>111</strong></span> <span class='ocrx_word' id='word_1_66' title='bbox 729 1320 849 1381; x_wconf 91' lang='lat' dir='ltr'><strong>col.</strong></span> <span class='ocrx_word' id='word_1_67' title='bbox 907 1334 1193 1398; x_wconf 81' lang='lat'>431—457</span> <span class='ocrx_word' id='word_1_68' title='bbox 1246 1339 1297 1381; x_wconf 80' lang='lat' dir='ltr'><strong>s,</strong></span> <span class='ocrx_word' id='word_1_69' title='bbox 1312 1340 1375 1381; x_wconf 91' lang='lat' dir='ltr'><strong>u.</strong></span> <span class='ocrx_word' id='word_1_70' title='bbox 1435 1319 1690 1382; x_wconf 72' lang='lat' dir='ltr'><strong>»Biene-</strong></span> <span class='ocrx_word' id='word_1_71' title='bbox 1743 1327 1812 1382; x_wconf 88' lang='lat' dir='ltr'><strong>et</strong></span> <span class='ocrx_word' id='word_1_72' title='bbox 1867 1319 2363 1382; x_wconf 65' lang='lat' dir='ltr'><strong>»Bienenzuchtn</strong></span> <span class='ocrx_word' id='word_1_73' title='bbox 2420 1319 2530 1399; x_wconf 81' lang='lat' dir='ltr'><strong>(ad</strong></span> <span class='ocrx_word' id='word_1_74' title='bbox 2584 1319 2824 1380; x_wconf 89' lang='lat' dir='ltr'><strong>librum</strong></span> 
     </span>
    </p>
   </div>
   <div class='ocr_carea' id='block_1_3' title="bbox 566 1425 1185 1505">
    <p class='ocr_par' dir='ltr' id='par_1_3' title="bbox 566 1425 1185 1505">
     <span class='ocr_line' id='line_1_11' title="bbox 566 1425 1185 1505; baseline 0.002 -19"><span class='ocrx_word' id='word_1_75' title='bbox 566 1425 834 1505; x_wconf 88' lang='lat' dir='ltr'><strong>nonum)</strong></span> <span class='ocrx_word' id='word_1_76' title='bbox 866 1426 1185 1505; x_wconf 84' lang='lat' dir='ltr'><strong>leguntur.</strong></span> 
     </span>
    </p>
   </div>
   <div class='ocr_carea' id='block_1_4' title="bbox 565 1744 2835 4275">
    <p class='ocr_par' dir='ltr' id='par_1_4' title="bbox 565 1744 2835 2678">
     <span class='ocr_line' id='line_1_12' title="bbox 650 1744 2822 1826; baseline 0 -20"><span class='ocrx_word' id='word_1_77' title='bbox 650 1745 797 1807; x_wconf 89' lang='lat' dir='ltr'><strong>Non</strong></span> <span class='ocrx_word' id='word_1_78' title='bbox 822 1753 921 1807; x_wconf 69' lang='lat' dir='ltr'><strong>oet</strong></span> <span class='ocrx_word' id='word_1_79' title='bbox 946 1747 1122 1825; x_wconf 87' lang='lat' dir='ltr'><strong>quod</strong></span> <span class='ocrx_word' id='word_1_80' title='bbox 1147 1747 1239 1809; x_wconf 89' lang='lat' dir='ltr'><strong>de</strong></span> <span class='ocrx_word' id='word_1_81' title='bbox 1279 1745 1762 1808; x_wconf 86' lang='lat' dir='ltr'><strong>editionibus</strong></span> <span class='ocrx_word' id='word_1_82' title='bbox 1804 1746 2194 1826; x_wconf 85' lang='lat' dir='ltr'><strong>prioribus</strong></span> <span class='ocrx_word' id='word_1_83' title='bbox 2225 1745 2331 1808; x_wconf 88' lang='lat' dir='ltr'><strong>hic</strong></span> <span class='ocrx_word' id='word_1_84' title='bbox 2353 1745 2564 1807; x_wconf 83' lang='lat' dir='ltr'><strong>multa</strong></span> <span class='ocrx_word' id='word_1_85' title='bbox 2588 1744 2822 1807; x_wconf 86' lang='lat' dir='ltr'><strong>dicam.</strong></span> 
     </span>
     <span class='ocr_line' id='line_1_13' title="bbox 568 1851 2826 1933; baseline -0.001 -19"><span class='ocrx_word' id='word_1_86' title='bbox 568 1851 788 1914; x_wconf 84' lang='lat' dir='ltr'><strong>Editio</strong></span> <span class='ocrx_word' id='word_1_87' title='bbox 807 1852 1101 1932; x_wconf 90' lang='lat' dir='ltr'><strong>princeps</strong></span> <span class='ocrx_word' id='word_1_88' title='bbox 1119 1852 1406 1915; x_wconf 85' lang='lat' dir='ltr'><strong>Venetiis</strong></span> <span class='ocrx_word' id='word_1_89' title='bbox 1424 1871 1597 1914; x_wconf 89' lang='lat' dir='ltr'><strong>anno</strong></span> <span class='ocrx_word' id='word_1_90' title='bbox 1619 1869 1776 1932; x_wconf 88' lang='lat'>147²</span> <span class='ocrx_word' id='word_1_91' title='bbox 1797 1852 2060 1932; x_wconf 89' lang='lat' dir='ltr'><strong>thypice</strong></span> <span class='ocrx_word' id='word_1_92' title='bbox 2078 1871 2379 1933; x_wconf 58' lang='lat' dir='ltr'><strong>expressa</strong></span> <span class='ocrx_word' id='word_1_93' title='bbox 2395 1871 2544 1913; x_wconf 89' lang='lat' dir='ltr'><strong>cum</strong></span> <span class='ocrx_word' id='word_1_94' title='bbox 2564 1857 2826 1913; x_wconf 80' lang='lat' dir='ltr'><strong>textum</strong></span> 
     </span>
     <span class='ocr_line' id='line_1_14' title="bbox 565 1958 2828 2040; baseline -0 -20"><span class='ocrx_word' id='word_1_95' title='bbox 565 1958 851 2020; x_wconf 86' lang='lat' dir='ltr'><strong>eiusdem</strong></span> <span class='ocrx_word' id='word_1_96' title='bbox 873 1959 1119 2038; x_wconf 83' lang='lat' dir='ltr'><strong>generis</strong></span> <span class='ocrx_word' id='word_1_97' title='bbox 1142 1960 1318 2040; x_wconf 89' lang='lat' dir='ltr'><strong>quod</strong></span> <span class='ocrx_word' id='word_1_98' title='bbox 1344 1959 1595 2021; x_wconf 91' lang='lat' dir='ltr'><strong>codices</strong></span> <span class='ocrx_word' id='word_1_99' title='bbox 1617 1959 2018 2031; x_wconf 61' lang='lat' dir='ltr'><strong>recentiores</strong></span> <span class='ocrx_word' id='word_1_100' title='bbox 2044 1960 2254 2022; x_wconf 89' lang='lat' dir='ltr'><strong>multo</strong></span> <span class='ocrx_word' id='word_1_101' title='bbox 2276 1965 2501 2020; x_wconf 83' lang='lat' dir='ltr'><strong>tamen</strong></span> <span class='ocrx_word' id='word_1_102' title='bbox 2521 1958 2828 2020; x_wconf 81' lang='lat' dir='ltr'><strong>emenda-</strong></span> 
     </span>
     <span class='ocr_line' id='line_1_15' title="bbox 566 2065 2828 2145; baseline -0.001 -18"><span class='ocrx_word' id='word_1_103' title='bbox 566 2065 816 2137; x_wconf 88' lang='lat' dir='ltr'><strong>tiorem,</strong></span> <span class='ocrx_word' id='word_1_104' title='bbox 854 2065 1184 2145; x_wconf 81' lang='lat' dir='ltr'><strong>praebeat,</strong></span> <span class='ocrx_word' id='word_1_105' title='bbox 1221 2066 1380 2127; x_wconf 86' lang='lat' dir='ltr'><strong>nihil</strong></span> <span class='ocrx_word' id='word_1_106' title='bbox 1412 2065 1727 2127; x_wconf 82' lang='lat' dir='ltr'><strong>habemus</strong></span> <span class='ocrx_word' id='word_1_107' title='bbox 1762 2066 1938 2144; x_wconf 91' lang='lat' dir='ltr'><strong>quod</strong></span> <span class='ocrx_word' id='word_1_108' title='bbox 1971 2066 2363 2128; x_wconf 86' lang='lat' dir='ltr'><strong>uariationes</strong></span> <span class='ocrx_word' id='word_1_109' title='bbox 2395 2065 2462 2125; x_wconf 91' lang='lat' dir='ltr'><strong>in</strong></span> <span class='ocrx_word' id='word_1_110' title='bbox 2497 2071 2828 2144; x_wconf 84' lang='lat' dir='ltr'><strong>apparatu</strong></span> 
     </span>
     <span class='ocr_line' id='line_1_16' title="bbox 565 2170 2833 2243; baseline -0.001 -9"><span class='ocrx_word' id='word_1_111' title='bbox 565 2171 790 2234; x_wconf 88' lang='lat' dir='ltr'><strong>critico</strong></span> <span class='ocrx_word' id='word_1_112' title='bbox 819 2177 1138 2243; x_wconf 78' lang='lat' dir='ltr'><strong>notemuS,</strong></span> <span class='ocrx_word' id='word_1_113' title='bbox 1171 2178 1248 2234; x_wconf 90' lang='lat' dir='ltr'><strong>ut</strong></span> <span class='ocrx_word' id='word_1_114' title='bbox 1278 2172 1430 2234; x_wconf 80' lang='lat' dir='ltr'><strong>fecit</strong></span> <span class='ocrx_word' id='word_1_115' title='bbox 1461 2172 1855 2234; x_wconf 74' lang='lat' dir='ltr'><strong>Lundstrorn</strong></span> <span class='ocrx_word' id='word_1_116' title='bbox 1884 2172 1952 2233; x_wconf 90' lang='lat' dir='ltr'><strong>in</strong></span> <span class='ocrx_word' id='word_1_117' title='bbox 1982 2172 2264 2234; x_wconf 86' lang='lat' dir='ltr'><strong>editione</strong></span> <span class='ocrx_word' id='word_1_118' title='bbox 2292 2171 2602 2233; x_wconf 89' lang='lat' dir='ltr'><strong>librorum</strong></span> <span class='ocrx_word' id='word_1_119' title='bbox 2631 2170 2725 2231; x_wconf 92' lang='lat' dir='ltr'><strong>VI</strong></span> <span class='ocrx_word' id='word_1_120' title='bbox 2756 2177 2833 2232; x_wconf 82' lang='lat' dir='ltr'><strong>et</strong></span> 
     </span>
     <span class='ocr_line' id='line_1_17' title="bbox 565 2276 2828 2358; baseline 0 -21"><span class='ocrx_word' id='word_1_121' title='bbox 565 2278 720 2340; x_wconf 88' lang='lat' dir='ltr'>v11.</span> <span class='ocrx_word' id='word_1_122' title='bbox 763 2277 988 2358; x_wconf 90' lang='lat' dir='ltr'><strong>Neque</strong></span> <span class='ocrx_word' id='word_1_123' title='bbox 1026 2278 1121 2340; x_wconf 84' lang='lat' dir='ltr'><strong>ita</strong></span> <span class='ocrx_word' id='word_1_124' title='bbox 1154 2298 1223 2340; x_wconf 88' lang='lat' dir='ltr'><strong>se</strong></span> <span class='ocrx_word' id='word_1_125' title='bbox 1257 2298 1357 2341; x_wconf 57' lang='grc' dir='ltr'><strong>τω</strong></span> <span class='ocrx_word' id='word_1_126' title='bbox 1393 2278 1592 2340; x_wconf 81' lang='lat' dir='ltr'><strong>habet</strong></span> <span class='ocrx_word' id='word_1_127' title='bbox 1628 2284 1705 2340; x_wconf 90' lang='lat' dir='ltr'><strong>ut</strong></span> <span class='ocrx_word' id='word_1_128' title='bbox 1742 2285 1963 2340; x_wconf 85' lang='lat' dir='ltr'><strong>textus</strong></span> <span class='ocrx_word' id='word_1_129' title='bbox 1998 2278 2298 2341; x_wconf 83' lang='lat' dir='ltr'><strong>editionis</strong></span> <span class='ocrx_word' id='word_1_130' title='bbox 2334 2276 2639 2358; x_wconf 88' lang='lat' dir='ltr'><strong>principis</strong></span> <span class='ocrx_word' id='word_1_131' title='bbox 2675 2296 2828 2338; x_wconf 88' lang='lat' dir='ltr'><strong>cum</strong></span> 
     </span>
     <span class='ocr_line' id='line_1_18' title="bbox 566 2383 2834 2465; baseline -0.001 -19"><span class='ocrx_word' id='word_1_132' title='bbox 566 2389 755 2446; x_wconf 87' lang='lat' dir='ltr'><strong>textu</strong></span> <span class='ocrx_word' id='word_1_133' title='bbox 782 2384 1021 2446; x_wconf 90' lang='lat' dir='ltr'><strong>codicis</strong></span> <span class='ocrx_word' id='word_1_134' title='bbox 1046 2404 1096 2457; x_wconf 86' lang='lat' dir='ltr'><strong>S,</strong></span> <span class='ocrx_word' id='word_1_135' title='bbox 1126 2385 1293 2447; x_wconf 84' lang='lat' dir='ltr'><strong>sicut</strong></span> <span class='ocrx_word' id='word_1_136' title='bbox 1319 2384 1544 2447; x_wconf 86' lang='lat' dir='ltr'><strong>dicunt</strong></span> <span class='ocrx_word' id='word_1_137' title='bbox 1573 2385 1904 2447; x_wconf 63' lang='lat' dir='ltr'><strong>Hfiussner</strong></span> <span class='ocrx_word' id='word_1_138' title='bbox 1928 2404 2032 2465; x_wconf 93' lang='lat' dir='ltr'><strong>op.</strong></span> <span class='ocrx_word' id='word_1_139' title='bbox 2062 2385 2234 2447; x_wconf 82' lang='lat' dir='ltr'><strong>laud.</strong></span> <span class='ocrx_word' id='word_1_140' title='bbox 2263 2404 2330 2464; x_wconf 89' lang='lat' dir='ltr'><strong>p.</strong></span> <span class='ocrx_word' id='word_1_141' title='bbox 2364 2401 2439 2446; x_wconf 85' lang='lat'><strong>21</strong></span> <span class='ocrx_word' id='word_1_142' title='bbox 2468 2389 2536 2445; x_wconf 89' lang='lat' dir='ltr'><strong>et</strong></span> <span class='ocrx_word' id='word_1_143' title='bbox 2561 2383 2834 2445; x_wconf 89' lang='lat' dir='ltr'><strong>Trotzki</strong></span> 
     </span>
     <span class='ocr_line' id='line_1_19' title="bbox 565 2489 2835 2571; baseline -0 -19"><span class='ocrx_word' id='word_1_144' title='bbox 565 2509 670 2571; x_wconf 91' lang='lat' dir='ltr'><strong>op.</strong></span> <span class='ocrx_word' id='word_1_145' title='bbox 710 2490 884 2552; x_wconf 77' lang='lat' dir='ltr'><strong>laud.</strong></span> <span class='ocrx_word' id='word_1_146' title='bbox 926 2510 988 2571; x_wconf 90' lang='lat' dir='ltr'><strong>p.</strong></span> <span class='ocrx_word' id='word_1_147' title='bbox 1028 2505 1171 2569; x_wconf 88' lang='lat'><strong>450,</strong></span> <span class='ocrx_word' id='word_1_148' title='bbox 1211 2491 1499 2571; x_wconf 84' lang='lat' dir='ltr'><strong>proxime</strong></span> <span class='ocrx_word' id='word_1_149' title='bbox 1535 2491 1918 2553; x_wconf 87' lang='lat' dir='ltr'><strong>coniunctus</strong></span> <span class='ocrx_word' id='word_1_150' title='bbox 1953 2492 2060 2553; x_wconf 90' lang='lat' dir='ltr'><strong>sit.</strong></span> <span class='ocrx_word' id='word_1_151' title='bbox 2101 2491 2369 2571; x_wconf 86' lang='lat' dir='ltr'><strong>Aliquot</strong></span> <span class='ocrx_word' id='word_1_152' title='bbox 2405 2496 2627 2552; x_wconf 81' lang='lat' dir='ltr'><strong>autem</strong></span> <span class='ocrx_word' id='word_1_153' title='bbox 2668 2489 2835 2551; x_wconf 85' lang='lat' dir='ltr'><strong>locis</strong></span> 
     </span>
     <span class='ocr_line' id='line_1_20' title="bbox 566 2596 2088 2678; baseline 0.001 -21"><span class='ocrx_word' id='word_1_154' title='bbox 566 2596 797 2676; x_wconf 83' lang='lat' dir='ltr'><strong>insigni</strong></span> <span class='ocrx_word' id='word_1_155' title='bbox 827 2597 1020 2659; x_wconf 89' lang='lat' dir='ltr'><strong>modo</strong></span> <span class='ocrx_word' id='word_1_156' title='bbox 1048 2616 1197 2659; x_wconf 90' lang='lat' dir='ltr'><strong>cum</strong></span> <span class='ocrx_word' id='word_1_157' title='bbox 1225 2598 1443 2659; x_wconf 88' lang='lat' dir='ltr'><strong>codice</strong></span> <span class='ocrx_word' id='word_1_158' title='bbox 1471 2616 1515 2678; x_wconf 93' lang='lat' dir='ltr'>p</span> <span class='ocrx_word' id='word_1_159' title='bbox 1542 2598 1896 2678; x_wconf 88' lang='lat' dir='ltr'><strong>conspirat,</strong></span> <span class='ocrx_word' id='word_1_160' title='bbox 1930 2617 1983 2660; x_wconf 90' lang='lat' dir='ltr'><strong>e.</strong></span> <span class='ocrx_word' id='word_1_161' title='bbox 1996 2617 2088 2678; x_wconf 87' lang='lat' dir='ltr'><strong>gr.</strong></span> 
     </span>
    </p>

    <p class='ocr_par' dir='ltr' id='par_1_5' title="bbox 567 2701 2832 2890">
     <span class='ocr_line' id='line_1_21' title="bbox 649 2701 2832 2784; baseline -0 -20"><span class='ocrx_word' id='word_1_162' title='bbox 649 2704 782 2775; x_wconf 85' lang='lat'>8,2,</span> <span class='ocrx_word' id='word_1_163' title='bbox 795 2720 834 2780; x_wconf 86' lang='lat'>3</span> <span class='ocrx_word' id='word_1_164' title='bbox 863 2703 1217 2765; x_wconf 77' lang='lat' dir='ltr'><strong>semimares</strong></span> <span class='ocrx_word' id='word_1_165' title='bbox 1244 2704 1390 2784; x_wconf 77' lang='lat' dir='ltr'><strong>capi</strong></span> <span class='ocrx_word' id='word_1_166' title='bbox 1417 2704 1526 2783; x_wconf 88' lang='lat' dir='ltr'><strong>qui</strong></span> <span class='ocrx_word' id='word_1_167' title='bbox 1552 2704 1662 2766; x_wconf 79' lang='lat' dir='ltr'><strong>hoc</strong></span> <span class='ocrx_word' id='word_1_168' title='bbox 1691 2704 1940 2766; x_wconf 76' lang='lat' dir='ltr'><strong>nomine</strong></span> <span class='ocrx_word' id='word_1_169' title='bbox 1967 2705 2289 2782; x_wconf 83' lang='lat' dir='ltr'><strong>uocantur]</strong></span> <span class='ocrx_word' id='word_1_170' title='bbox 2322 2723 2373 2765; x_wconf 82' lang='lat' dir='ltr'><strong>s,</strong></span> <span class='ocrx_word' id='word_1_171' title='bbox 2403 2702 2514 2783; x_wconf 88' lang='lat' dir='ltr'><strong>qui</strong></span> <span class='ocrx_word' id='word_1_172' title='bbox 2540 2701 2688 2783; x_wconf 78' lang='lat' dir='ltr'><strong>capi</strong></span> <span class='ocrx_word' id='word_1_173' title='bbox 2714 2702 2832 2764; x_wconf 72' lang='lat' dir='ltr'><strong>hoc</strong></span> 
     </span>
     <span class='ocr_line' id='line_1_22' title="bbox 567 2810 1144 2890; baseline 0.003 -20"><span class='ocrx_word' id='word_1_174' title='bbox 567 2829 631 2872; x_wconf 81' lang='lat' dir='ltr'><strong>n.</strong></span> <span class='ocrx_word' id='word_1_175' title='bbox 658 2828 721 2870; x_wconf 88' lang='lat' dir='ltr'><strong>u.</strong></span> <span class='ocrx_word' id='word_1_176' title='bbox 758 2829 802 2890; x_wconf 92' lang='lat' dir='ltr'><strong>p</strong></span> <span class='ocrx_word' id='word_1_177' title='bbox 828 2816 894 2872; x_wconf 89' lang='lat' dir='ltr'><strong>et</strong></span> <span class='ocrx_word' id='word_1_178' title='bbox 920 2810 1020 2872; x_wconf 89' lang='lat' dir='ltr'><strong>ed.</strong></span> <span class='ocrx_word' id='word_1_179' title='bbox 1050 2829 1144 2890; x_wconf 91' lang='lat' dir='ltr'><strong>pr.</strong></span> 
     </span>
    </p>

    <p class='ocr_par' dir='ltr' id='par_1_6' title="bbox 571 2916 2833 3103">
     <span class='ocr_line' id='line_1_23' title="bbox 651 2916 2833 2998; baseline -0.001 -21"><span class='ocrx_word' id='word_1_180' title='bbox 651 2916 875 2993; x_wconf 85' lang='lat'><em>8,2‚13</em></span> <span class='ocrx_word' id='word_1_181' title='bbox 917 2923 1067 2997; x_wconf 85' lang='lat' dir='ltr'><strong>post</strong></span> <span class='ocrx_word' id='word_1_182' title='bbox 1107 2916 1425 2978; x_wconf 83' lang='lat' dir='ltr'><strong>ediderunt</strong></span> <span class='ocrx_word' id='word_1_183' title='bbox 1465 2917 1615 2979; x_wconf 88' lang='lat' dir='ltr'><strong>add.</strong></span> <span class='ocrx_word' id='word_1_184' title='bbox 1659 2936 1809 2978; x_wconf 82' lang='lat' dir='ltr'><strong>nam</strong></span> <span class='ocrx_word' id='word_1_185' title='bbox 1848 2923 1903 2979; x_wconf 89' lang='lat' dir='ltr'><strong>et</strong></span> <span class='ocrx_word' id='word_1_186' title='bbox 1941 2923 2267 2998; x_wconf 82' lang='lat' dir='ltr'><strong>paternam</strong></span> <span class='ocrx_word' id='word_1_187' title='bbox 2305 2916 2570 2997; x_wconf 81' lang='lat' dir='ltr'><strong>speciem</strong></span> <span class='ocrx_word' id='word_1_188' title='bbox 2608 2920 2833 2994; x_wconf 75' lang='lat' dir='ltr'><strong>gerunt</strong></span> 
     </span>
     <span class='ocr_line' id='line_1_24' title="bbox 571 3023 967 3103; baseline 0.003 -20"><span class='ocrx_word' id='word_1_189' title='bbox 571 3041 615 3102; x_wconf 93' lang='lat' dir='ltr'><strong>p</strong></span> <span class='ocrx_word' id='word_1_190' title='bbox 643 3028 709 3084; x_wconf 91' lang='lat' dir='ltr'><strong>et</strong></span> <span class='ocrx_word' id='word_1_191' title='bbox 739 3023 838 3084; x_wconf 91' lang='lat' dir='ltr'><strong>ed.</strong></span> <span class='ocrx_word' id='word_1_192' title='bbox 872 3042 967 3103; x_wconf 93' lang='lat' dir='ltr'><strong>pr.</strong></span> 
     </span>
    </p>

    <p class='ocr_par' dir='ltr' id='par_1_7' title="bbox 650 3128 1795 3210">
     <span class='ocr_line' id='line_1_25' title="bbox 650 3128 1795 3210; baseline 0.002 -21"><span class='ocrx_word' id='word_1_193' title='bbox 650 3128 709 3200; x_wconf 88' lang='lat'><strong>8,</strong></span> <span class='ocrx_word' id='word_1_194' title='bbox 723 3142 782 3204; x_wconf 89' lang='lat'><strong>5,</strong></span> <span class='ocrx_word' id='word_1_195' title='bbox 800 3129 876 3190; x_wconf 88' lang='lat'><strong>16</strong></span> <span class='ocrx_word' id='word_1_196' title='bbox 903 3129 1100 3209; x_wconf 73' lang='lat' dir='ltr'><strong>pulei]</strong></span> <span class='ocrx_word' id='word_1_197' title='bbox 1133 3129 1371 3210; x_wconf 80' lang='lat' dir='ltr'><strong>pulegii</strong></span> <span class='ocrx_word' id='word_1_198' title='bbox 1399 3149 1445 3209; x_wconf 90' lang='lat' dir='ltr'><strong>p</strong></span> <span class='ocrx_word' id='word_1_199' title='bbox 1472 3135 1539 3191; x_wconf 88' lang='lat' dir='ltr'><strong>et</strong></span> <span class='ocrx_word' id='word_1_200' title='bbox 1569 3130 1668 3191; x_wconf 89' lang='lat' dir='ltr'><strong>ed.</strong></span> <span class='ocrx_word' id='word_1_201' title='bbox 1701 3149 1795 3209; x_wconf 89' lang='lat' dir='ltr'><strong>pr.</strong></span> 
     </span>
    </p>

    <p class='ocr_par' dir='ltr' id='par_1_8' title="bbox 569 3233 2830 3422">
     <span class='ocr_line' id='line_1_26' title="bbox 650 3233 2830 3316; baseline -0 -21"><span class='ocrx_word' id='word_1_202' title='bbox 650 3234 782 3314; x_wconf 86' lang='lat'><strong>9‚6,</strong></span> <span class='ocrx_word' id='word_1_203' title='bbox 801 3253 831 3296; x_wconf 93' lang='lat'>1</span> <span class='ocrx_word' id='word_1_204' title='bbox 883 3241 1060 3315; x_wconf 77' lang='lat' dir='ltr'><strong>opere</strong></span> <span class='ocrx_word' id='word_1_205' title='bbox 1109 3235 1355 3313; x_wconf 84' lang='lat' dir='ltr'><strong>uitorio]</strong></span> <span class='ocrx_word' id='word_1_206' title='bbox 1409 3242 1587 3316; x_wconf 80' lang='lat' dir='ltr'><strong>opere</strong></span> <span class='ocrx_word' id='word_1_207' title='bbox 1632 3236 1876 3298; x_wconf 87' lang='lat' dir='ltr'><strong>tectorio</strong></span> <span class='ocrx_word' id='word_1_208' title='bbox 1926 3255 1970 3315; x_wconf 89' lang='lat' dir='ltr'><strong>p</strong></span> <span class='ocrx_word' id='word_1_209' title='bbox 2018 3242 2084 3298; x_wconf 90' lang='lat' dir='ltr'><strong>et</strong></span> <span class='ocrx_word' id='word_1_210' title='bbox 2132 3235 2231 3298; x_wconf 90' lang='lat' dir='ltr'><strong>ed.</strong></span> <span class='ocrx_word' id='word_1_211' title='bbox 2284 3254 2378 3315; x_wconf 88' lang='lat' dir='ltr'><strong>pr.</strong></span> <span class='ocrx_word' id='word_1_212' title='bbox 2435 3233 2731 3315; x_wconf 80' lang='lat' dir='ltr'><strong>(opererio</strong></span> <span class='ocrx_word' id='word_1_213' title='bbox 2780 3233 2830 3294; x_wconf 88' lang='lat' dir='ltr'>S</span> 
     </span>
     <span class='ocr_line' id='line_1_27' title="bbox 569 3341 1981 3422; baseline 0.001 -20"><span class='ocrx_word' id='word_1_214' title='bbox 569 3341 851 3421; x_wconf 77' lang='lat' dir='ltr'><strong>operario</strong></span> <span class='ocrx_word' id='word_1_215' title='bbox 875 3342 933 3402; x_wconf 92' lang='lat' dir='ltr'><strong>A</strong></span> <span class='ocrx_word' id='word_1_216' title='bbox 958 3348 1023 3404; x_wconf 90' lang='lat' dir='ltr'><strong>et</strong></span> <span class='ocrx_word' id='word_1_217' title='bbox 1052 3342 1112 3402; x_wconf 93' lang='lat' dir='ltr'><strong>R</strong></span> <span class='ocrx_word' id='word_1_218' title='bbox 1136 3342 1412 3422; x_wconf 77' lang='lat' dir='ltr'><strong>aliquot:</strong></span> <span class='ocrx_word' id='word_1_219' title='bbox 1439 3362 1501 3404; x_wconf 89' lang='lat' dir='ltr'><strong>u.</strong></span> <span class='ocrx_word' id='word_1_220' title='bbox 1532 3342 1681 3404; x_wconf 90' lang='lat' dir='ltr'><strong>Hss.</strong></span> <span class='ocrx_word' id='word_1_221' title='bbox 1712 3361 1773 3421; x_wconf 89' lang='lat' dir='ltr'><strong>p.</strong></span> <span class='ocrx_word' id='word_1_222' title='bbox 1801 3342 1981 3421; x_wconf 82' lang='lat'>67⁸¹).</span> 
     </span>
    </p>

    <p class='ocr_par' dir='ltr' id='par_1_9' title="bbox 572 3447 2834 3627">
     <span class='ocr_line' id='line_1_28' title="bbox 649 3447 2834 3529; baseline -0.001 -20"><span class='ocrx_word' id='word_1_223' title='bbox 649 3447 821 3509; x_wconf 89' lang='lat' dir='ltr'><strong>Alibi</strong></span> <span class='ocrx_word' id='word_1_224' title='bbox 859 3448 1057 3510; x_wconf 89' lang='lat' dir='ltr'><strong>editio</strong></span> <span class='ocrx_word' id='word_1_225' title='bbox 1095 3448 1389 3529; x_wconf 89' lang='lat' dir='ltr'><strong>princeps</strong></span> <span class='ocrx_word' id='word_1_226' title='bbox 1425 3449 1737 3510; x_wconf 88' lang='lat' dir='ltr'><strong>lectiones</strong></span> <span class='ocrx_word' id='word_1_227' title='bbox 1774 3468 1922 3511; x_wconf 88' lang='lat' dir='ltr'><strong>cum</strong></span> <span class='ocrx_word' id='word_1_228' title='bbox 1960 3449 2286 3511; x_wconf 86' lang='lat' dir='ltr'><strong>codicibus</strong></span> <span class='ocrx_word' id='word_1_229' title='bbox 2323 3447 2541 3510; x_wconf 82' lang='lat' dir='ltr'><strong>classis</strong></span> <span class='ocrx_word' id='word_1_230' title='bbox 2573 3469 2619 3529; x_wconf 91' lang='grc' dir='ltr'><strong>γ</strong></span> <span class='ocrx_word' id='word_1_231' title='bbox 2655 3465 2834 3509; x_wconf 88' lang='lat' dir='ltr'><strong>com-</strong></span> 
     </span>
     <span class='ocr_line' id='line_1_29' title="bbox 572 3555 1148 3627; baseline 0.003 -12"><span class='ocrx_word' id='word_1_232' title='bbox 572 3574 799 3616; x_wconf 90' lang='lat' dir='ltr'><strong>munes</strong></span> <span class='ocrx_word' id='word_1_233' title='bbox 825 3555 1044 3627; x_wconf 85' lang='lat' dir='ltr'><strong>habet,</strong></span> <span class='ocrx_word' id='word_1_234' title='bbox 1073 3561 1148 3617; x_wconf 90' lang='lat' dir='ltr'><strong>ut</strong></span> 
     </span>
    </p>

    <p class='ocr_par' dir='ltr' id='par_1_10' title="bbox 651 3661 1920 3744">
     <span class='ocr_line' id='line_1_30' title="bbox 651 3661 1920 3744; baseline 0.001 -21"><span class='ocrx_word' id='word_1_235' title='bbox 651 3661 709 3733; x_wconf 88' lang='grc'><strong>8,</strong></span> <span class='ocrx_word' id='word_1_236' title='bbox 728 3677 916 3740; x_wconf 88' lang='lat'>17,13</span> <span class='ocrx_word' id='word_1_237' title='bbox 945 3661 1140 3739; x_wconf 87' lang='lat' dir='ltr'><strong>mitis]</strong></span> <span class='ocrx_word' id='word_1_238' title='bbox 1175 3661 1354 3723; x_wconf 83' lang='lat' dir='ltr'><strong>nucis</strong></span> <span class='ocrx_word' id='word_1_239' title='bbox 1379 3684 1442 3744; x_wconf 90' lang='grc' dir='ltr'><strong>γ,</strong></span> <span class='ocrx_word' id='word_1_240' title='bbox 1473 3680 1659 3723; x_wconf 81' lang='lat' dir='ltr'><strong>nuces</strong></span> <span class='ocrx_word' id='word_1_241' title='bbox 1689 3662 1787 3723; x_wconf 88' lang='lat' dir='ltr'><strong>ed.</strong></span> <span class='ocrx_word' id='word_1_242' title='bbox 1821 3681 1920 3742; x_wconf 89' lang='lat' dir='ltr'><strong>pr.</strong></span> 
     </span>
    </p>

    <p class='ocr_par' dir='ltr' id='par_1_11' title="bbox 651 3768 2097 3850">
     <span class='ocr_line' id='line_1_31' title="bbox 651 3768 2097 3850; baseline 0 -21"><span class='ocrx_word' id='word_1_243' title='bbox 651 3785 709 3847; x_wconf 87' lang='lat'><strong>9,</strong></span> <span class='ocrx_word' id='word_1_244' title='bbox 723 3784 781 3844; x_wconf 90' lang='lat'><strong>3,</strong></span> <span class='ocrx_word' id='word_1_245' title='bbox 801 3786 831 3828; x_wconf 90' lang='lat'>1</span> <span class='ocrx_word' id='word_1_246' title='bbox 865 3768 1088 3848; x_wconf 79' lang='lat' dir='ltr'><strong>apium</strong></span> <span class='ocrx_word' id='word_1_247' title='bbox 1115 3768 1251 3829; x_wconf 85' lang='lat' dir='ltr'><strong>siue</strong></span> <span class='ocrx_word' id='word_1_248' title='bbox 1279 3768 1638 3829; x_wconf 82' lang='lat' dir='ltr'><strong>examinum</strong></span> <span class='ocrx_word' id='word_1_249' title='bbox 1662 3790 1749 3850; x_wconf 87' lang='grc' dir='ltr'><strong>κγ</strong></span> <span class='ocrx_word' id='word_1_250' title='bbox 1776 3774 1842 3830; x_wconf 88' lang='lat' dir='ltr'><strong>et</strong></span> <span class='ocrx_word' id='word_1_251' title='bbox 1871 3768 1970 3831; x_wconf 89' lang='lat' dir='ltr'><strong>ed.</strong></span> <span class='ocrx_word' id='word_1_252' title='bbox 2003 3788 2097 3849; x_wconf 90' lang='lat' dir='ltr'><strong>pr.</strong></span> 
     </span>
    </p>

    <p class='ocr_par' dir='ltr' id='par_1_12' title="bbox 571 3871 2829 4060">
     <span class='ocr_line' id='line_1_32' title="bbox 650 3871 2829 3954; baseline -0.001 -19"><span class='ocrx_word' id='word_1_253' title='bbox 650 3874 837 3954; x_wconf 88' lang='lat'><strong>9,6,4</strong></span> <span class='ocrx_word' id='word_1_254' title='bbox 863 3874 1367 3952; x_wconf 78' lang='lat' dir='ltr'><strong>circumstructis]</strong></span> <span class='ocrx_word' id='word_1_255' title='bbox 1403 3874 1853 3936; x_wconf 87' lang='lat' dir='ltr'><strong>circumcinctis</strong></span> <span class='ocrx_word' id='word_1_256' title='bbox 1884 3875 1984 3935; x_wconf 85' lang='lat' dir='ltr'><strong>uel</strong></span> <span class='ocrx_word' id='word_1_257' title='bbox 2012 3872 2487 3935; x_wconf 77' lang='lat' dir='ltr'><strong>circumstructis</strong></span> <span class='ocrx_word' id='word_1_258' title='bbox 2514 3894 2600 3954; x_wconf 83' lang='grc' dir='ltr'><strong>κγ</strong></span> <span class='ocrx_word' id='word_1_259' title='bbox 2628 3878 2695 3934; x_wconf 92' lang='lat' dir='ltr'><strong>et</strong></span> <span class='ocrx_word' id='word_1_260' title='bbox 2727 3871 2829 3933; x_wconf 91' lang='lat' dir='ltr'><strong>ed.</strong></span> 
     </span>
     <span class='ocr_line' id='line_1_33' title="bbox 571 3999 666 4060; baseline 0 -19"><span class='ocrx_word' id='word_1_261' title='bbox 571 3999 666 4060; x_wconf 91' lang='lat' dir='ltr'><strong>pr.</strong></span> 
     </span>
    </p>

    <p class='ocr_par' dir='ltr' id='par_1_13' title="bbox 651 4086 2663 4171">
     <span class='ocr_line' id='line_1_34' title="bbox 651 4086 2663 4171; baseline -0 -23"><span class='ocrx_word' id='word_1_262' title='bbox 651 4103 782 4167; x_wconf 86' lang='lat'><strong><em>9,7,</em></strong></span> <span class='ocrx_word' id='word_1_263' title='bbox 795 4104 833 4164; x_wconf 90' lang='lat'>3</span> <span class='ocrx_word' id='word_1_264' title='bbox 864 4094 1012 4168; x_wconf 88' lang='lat' dir='ltr'><strong>post</strong></span> <span class='ocrx_word' id='word_1_265' title='bbox 1040 4088 1295 4149; x_wconf 84' lang='lat' dir='ltr'><strong>ruinam</strong></span> <span class='ocrx_word' id='word_1_266' title='bbox 1325 4088 1480 4149; x_wconf 86' lang='lat' dir='ltr'><strong>add.</strong></span> <span class='ocrx_word' id='word_1_267' title='bbox 1520 4088 1806 4168; x_wconf 79' lang='lat' dir='ltr'><strong>operibus</strong></span> <span class='ocrx_word' id='word_1_268' title='bbox 1834 4086 2308 4171; x_wconf 59' lang='lat' dir='ltr'><strong>sscdq²u²fionx¹</strong></span> <span class='ocrx_word' id='word_1_269' title='bbox 2340 4092 2404 4148; x_wconf 88' lang='lat' dir='ltr'><strong>et</strong></span> <span class='ocrx_word' id='word_1_270' title='bbox 2435 4086 2534 4148; x_wconf 93' lang='lat' dir='ltr'><strong>ed.</strong></span> <span class='ocrx_word' id='word_1_271' title='bbox 2568 4104 2663 4165; x_wconf 89' lang='lat' dir='ltr'><strong>pr.</strong></span> 
     </span>
    </p>

    <p class='ocr_par' dir='ltr' id='par_1_14' title="bbox 654 4194 1797 4275">
     <span class='ocr_line' id='line_1_35' title="bbox 654 4194 1797 4275; baseline -0.001 -19"><span class='ocrx_word' id='word_1_272' title='bbox 654 4194 838 4273; x_wconf 87' lang='lat'><strong>9,9,6</strong></span> <span class='ocrx_word' id='word_1_273' title='bbox 866 4194 1018 4255; x_wconf 92' lang='lat' dir='ltr'><strong>mire</strong></span> <span class='ocrx_word' id='word_1_274' title='bbox 1046 4214 1173 4256; x_wconf 92' lang='lat' dir='ltr'><strong>om.</strong></span> <span class='ocrx_word' id='word_1_275' title='bbox 1202 4195 1448 4272; x_wconf 74' lang='grc' dir='ltr'><strong>κὶὶρῐικι</strong></span> <span class='ocrx_word' id='word_1_276' title='bbox 1477 4201 1544 4256; x_wconf 88' lang='lat' dir='ltr'><strong>et</strong></span> <span class='ocrx_word' id='word_1_277' title='bbox 1573 4194 1671 4256; x_wconf 90' lang='lat' dir='ltr'><strong>ed.</strong></span> <span class='ocrx_word' id='word_1_278' title='bbox 1703 4214 1797 4275; x_wconf 88' lang='lat' dir='ltr'><strong>pr.</strong></span> 
     </span>
    </p>
   </div>
  </div>
 </body>
</html>
