3109 5559
1858 255 1978 323 Rei
2007 255 2286 323 rusticae
2316 254 2429 323 lib.
2461 255 2525 323 V
2553 279 2609 323 c.
2640 277 2765 344 4-5

436 464 467 514 5
523 448 847 521 prosunt,
881 433 940 500 si
972 433 1041 499 in
1073 432 1235 500 locis
1266 433 1666 520 temperatis,
1701 434 1772 500 in
1804 433 2050 521 quibus
2081 449 2290 501 aestas
2322 456 2459 500 non
2490 448 2590 501 est
2622 434 2787 521 perf<

527 554 697 608 ante
735 562 990 607 annum
1024 539 1207 620 fiant,
1247 562 1449 627 quam
1485 540 1683 607 uinea
1715 555 2116 608 conseratur.
2157 540 2279 607 soli
2314 555 2537 608 tamen
2574 555 2724 608 ante
2761 542 2787 608 l

528 647 952 734 exploranda
986 661 1106 714 est:
1144 669 1301 713 nam
1335 647 1392 713 si
1426 647 1648 714 ieiuno
1685 661 1882 735 atque
1917 647 2069 714 exili
2103 670 2259 735 agro
2294 648 2545 714 semina
2582 649 2787 735 depor.

527 753 669 820 sub
697 752 922 841 ipsum
946 768 1212 841 tempus
1236 754 1507 820 sationis
1529 754 1782 822 scrobis
1805 769 1920 822 aut
1943 755 2165 821 sulcus
2189 754 2531 821 faciendus
2554 768 2672 821 est.
2765 776 2787 819 ε

528 861 645 927 bis
695 861 767 927 in
815 860 1298 948 longitudinem
1345 861 1893 948 altitudinemque
1942 860 2243 928 defossus
2287 861 2710 948 tripedaneus
2756 884 2787 928 a

414 997 485 1034 ιο
531 982 664 1047 oet,
701 967 1050 1034 latitudine
1080 981 1304 1034 tamen
1335 968 1719 1054 bipedanea.
1751 968 1862 1034 uel
1894 968 1950 1034 si
1980 982 2299 1055 quaterna
2327 968 2579 1055 pedum
2609 969 2787 1055 spati:

533 1074 816 1141 ordines
844 1074 1136 1141 relicturi
1160 1096 1414 1154 sumus,
1445 1075 1864 1141 commodius
1890 1074 2171 1141 habetur
2198 1075 2480 1141 eandem
2509 1096 2786 1162 quoquo

537 1182 706 1247 dare
740 1203 1121 1247 mensuram
1154 1180 1520 1261 scrobibus,
1559 1203 1695 1247 non
1730 1181 2014 1269 amplius
2047 1196 2268 1248 tamen
2304 1203 2507 1269 quam
2541 1180 2611 1247 in
2645 1196 2778 1248 tres

537 1286 918 1354 altitudinis
953 1287 1298 1375 depressis.
1336 1302 1630 1355 ceterum
1665 1302 1977 1374 quattuor
2010 1287 2266 1374 angulis
2300 1287 2553 1354 semina
2584 1287 2787 1375 adpli‹

533 1407 675 1473 tur,
711 1393 1007 1460 subiecta
1038 1394 1293 1461 minuta
1322 1409 1513 1475 terra,
1546 1408 1615 1462 et
1645 1394 1734 1460 ita
1763 1394 2030 1461 scrobes
2059 1394 2530 1461 adobruentur.

421 1532 443 1567 ι
455 1530 485 1578 5
623 1520 676 1583 3
719 1500 854 1567 Sed
898 1501 981 1567 de
1024 1500 1252 1588 spatiis
1295 1501 1608 1567 ordinum
1650 1514 1921 1568 eatenus
1964 1501 2503 1589 praecipiendum
2546 1500 2787 1568 habem

536 1607 930 1693 intellegant
959 1606 1296 1695 agricolae,
1331 1607 1472 1674 siue
1503 1622 1716 1674 aratro
1747 1607 1975 1674 uineas
2005 1608 2249 1674 culturi
2277 1608 2429 1688 sint,
2464 1609 2708 1675 laxiora
2737 1609 2787 1675 ir

540 1714 729 1780 dinia
771 1713 1224 1801 relinquenda,
1271 1715 1410 1781 siue
1454 1713 1858 1794 bidentibus»,
1905 1715 2299 1800 angustiora,
2345 1715 2463 1781 sed
2508 1737 2725 1801 neque
2768 1738 2787 1781 ε

541 1820 722 1887 siora
750 1842 954 1907 quam
983 1821 1212 1887 decem
1241 1822 1491 1908 pedum
1519 1843 1735 1907 neque
1764 1821 2197 1887 contractiora
2223 1843 2427 1907 quam
2455 1835 2787 1909 quattuor.

538 1941 772 1994 tamen
801 1927 1067 1993 ordines
1095 1927 1185 1993 ita
1215 1927 1597 2015 disponunt,
1630 1942 1706 1995 ut
1734 1950 1854 2014 per
1881 1942 2126 1994 rectam
2155 1927 2396 1994 lineam
2423 1927 2618 1994 binos
2646 1928 2787 2015 ped«

423 2063 496 2100 20
540 2048 622 2100 ut
674 2033 1062 2120 plurimum,
1117 2048 1341 2101 ternos
1391 2034 1565 2101 inter
1613 2035 1867 2101 semina
1917 2032 2309 2120 relinquant,
2364 2048 2737 2101 transuersa

540 2141 792 2207 laxiora
821 2139 1030 2227 spatia
1059 2139 1321 2221 faciant,
1355 2163 1474 2227 per
1504 2163 1673 2228 quae
1704 2140 1812 2207 uel
1843 2140 2056 2207 fossor
2085 2140 2193 2207 uel
2225 2154 2438 2207 arator
2467 2140 2747 2208 incedat.

632 2267 676 2329 4
717 2246 1006 2313 Sationis
1034 2261 1256 2314 autem
1286 2268 1444 2313 cura
1472 2269 1610 2313 non
1638 2246 1763 2313 alia
1793 2246 1990 2314 debet
2019 2269 2179 2327 esse,
2215 2268 2418 2334 quam
2447 2269 2616 2333 quae
2645 2248 2787 2314 trad

545 2375 585 2420 a
612 2376 724 2420 me
752 2354 948 2420 tertio
978 2353 1340 2433 uolumine;
1372 2376 1587 2421 unum
1614 2367 1837 2420 tamen
1866 2353 2022 2420 huic
2051 2353 2404 2421 consitioni
2435 2354 2640 2440 Mago
2667 2354 2787 2420 Car

540 2460 794 2527 niensis
829 2460 1049 2541 adicit,
1088 2474 1164 2527 ut
1199 2461 1449 2527 semina
1485 2461 1576 2526 ita
1614 2461 2048 2548 deponantur,
2089 2483 2173 2527 ne
2209 2459 2513 2547 protinus
2548 2474 2729 2527 totus
2764 2483 2787 2526 ε

426 2595 492 2645 2⁵
540 2581 717 2633 terra
751 2566 1163 2654 compleatur
1196 2568 1314 2634 sed
1350 2567 1626 2634 dimidia
1658 2567 1795 2634 fere
1832 2589 1982 2654 pars
2015 2567 2158 2633 eius
2192 2581 2509 2653 sequente
2545 2567 2787 2633 bienni<

541 2674 730 2741 latim
760 2673 1186 2761 adaequetur3
1217 2674 1311 2741 sic
1339 2674 1520 2740 enim
1549 2687 1740 2761 putat
1767 2674 1975 2740 uitem
2004 2673 2149 2760 cogi
2182 2673 2492 2739 deorsum
2522 2695 2710 2760 agere
2740 2696 2787 2739 ra

543 2780 674 2847 hoc
697 2802 823 2868 ego
846 2780 1038 2848 siccis
1061 2781 1223 2847 locis
1245 2779 1388 2847 fieri
1412 2780 1661 2847 utiliter
1684 2802 1820 2846 non
1844 2780 2241 2866 negauerim,
2271 2780 2389 2846 sed
2413 2780 2530 2847 ubi
2555 2793 2669 2846 aut
2692 2780 2786 2846 uli

544 2888 727 2974 regio
762 2900 860 2953 est
896 2901 1010 2954 aut
1044 2886 1205 2953 caeli
1240 2901 1448 2954 status
1482 2885 1801 2967 imbrifer,
1839 2887 2113 2953 minime
2147 2886 2526 2953 faciendum
2560 2908 2787 2953 censeo

543 2994 914 3061 consistens
947 2994 1018 3059 in
1051 2993 1431 3081 semiplenis
1463 2993 1811 3060 scrobibus
1845 2994 2091 3060 nimius
2124 3015 2337 3072 umor,
2376 3008 2730 3080 antequam
2763 3015 2787 3059 c

438 3128 509 3176 30
550 3101 820 3180 lescant,
875 3100 1129 3167 semina
1179 3114 1387 3167 necat.
1475 3119 1522 3182 5
1565 3121 1767 3187 quare
1818 3100 2045 3167 utilius
2095 3099 2397 3167 existimo
2451 3099 2686 3187 repleri
2740 3122 2785 3187 q

541 3207 830 3287 scrobes,
868 3207 1071 3294 stirpe
1106 3207 1423 3294 deposita,
1460 3207 1599 3286 sed,
1636 3228 1791 3274 cum
1824 3208 2077 3273 semina
2107 3205 2750 3293 comprehenderint,

540 3329 693 3401 post
726 3313 1222 3400 aequinoctium
1255 3314 1556 3380 autumni
1592 3313 1831 3380 debere
1866 3313 2210 3401 diligenter
2242 3327 2440 3400 atque
2473 3314 2600 3380 alte
2633 3312 2787 3379 abla-

542 3434 626 3501 et,
665 3419 893 3487 recisis
929 3420 1256 3500 radiculis,
1294 3420 1351 3486 si
1387 3442 1552 3507 quas
1588 3420 1659 3486 in
1693 3442 1958 3486 summo
1993 3419 2136 3486 solo
2170 3420 2535 3499 citauerint,
2574 3433 2727 3506 post
2762 3443 2787 3506 ς

543 3632 670 3685 ratis
691 3632 748 3684 R
769 3642 944 3684 terrae
966 3631 1105 3684 ratio
1127 3631 1168 3684 S
1189 3648 1320 3696 prae
1343 3632 1480 3684 ratio
1502 3632 1554 3684 A
1589 3658 1627 3668 -
1661 3631 1941 3696 perfruida
1963 3631 2037 3683 A¹
2072 3658 2111 3668 -
2145 3632 2179 3683 6
2201 3642 2327 3685 ante
2354 3670 2367 3683 .
2381 3671 2394 3683 .
2409 3670 2421 3682 .
2448 3641 2764 3683 conseratur

540 3747 578 3757 -
609 3735 645 3785 7
670 3730 797 3786 post
830 3732 912 3772 est
943 3720 1068 3773 add.
1103 3721 1150 3773 si
1184 3732 1311 3773 ante
1344 3737 1554 3773 annum
1587 3721 1720 3773 fiant
1752 3721 1844 3773 SA
1877 3747 1916 3757 -
1945 3730 2066 3785 post
2098 3720 2446 3784 deponentur
2477 3720 2599 3772 add.
2636 3737 2787 3784 quan

541 3821 860 3863 conseratur
881 3809 974 3862 SA
1007 3836 1047 3847 -
1081 3810 1114 3862 8
1138 3810 1245 3862 sub
1271 3850 1284 3862 .
1299 3850 1311 3862 .
1327 3849 1339 3861 .
1366 3809 1651 3862 faciendus
1674 3821 1757 3862 est
1781 3826 1878 3862 om.
1904 3809 1997 3862 SA
2030 3836 2069 3846 -
2097 3819 2217 3875 post
2240 3808 2525 3862 faciendus
2549 3820 2631 3862 est
2654 3808 2777 3861 add.

541 3915 751 3952 annum
779 3898 914 3951 fiant
944 3916 1115 3963 quam
1141 3900 1305 3951 uinea
1333 3910 1650 3951 conseratur
1676 3899 1729 3951 R
1755 3899 1876 3951 uide
1903 3899 2022 3952 diss.
2049 3909 2141 3963 pp.
2173 3898 2278 3960 164
2306 3915 2379 3963 sq.
2417 3925 2457 3935 -
2490 3898 2780 3951 scrobibus

541 3987 773 4041 defossis
803 3988 1136 4053 tripedaneis
1165 3989 1218 4040 R
1251 4015 1291 4025 -
1332 4004 1397 4040 10
1426 3988 1774 4040 latitudinem
1803 3988 1855 4040 A
1888 4014 1927 4024 -
1962 3999 2293 4052 quaternum
2321 3989 2374 4040 R
2408 4014 2448 4024 -
2489 4005 2545 4040 ιι
2582 3987 2782 4039 habem

541 4076 883 4142 habeamusj
917 4103 958 4114 -
998 4093 1058 4141 15
1085 4076 1230 4129 siA¹
1266 4103 1304 4114 -
1345 4090 1408 4140 17
1432 4077 1827 4130 uidentibusA
1861 4103 1899 4114 -
1940 4093 2003 4140 19
2027 4076 2305 4141 quinosA
2338 4103 2376 4114 -
2412 4092 2482 4129 2ο
2505 4087 2567 4128 ut
2592 4093 2693 4129 om.
2721 4076 2787 4129 81

544 4165 758 4230 linquat
783 4165 875 4218 SA
907 4193 947 4202 -
982 4181 1045 4218 21
1077 4165 1278 4218 faciant
1302 4167 1355 4219 R
1379 4166 1474 4218 fiat
1497 4165 1590 4218 SA
1623 4192 1662 4202 —
1697 4178 1906 4218 amator
1929 4165 2021 4218 SA
2055 4192 2093 4202 -
2127 4166 2344 4218 incedat
2369 4181 2412 4230 p
2437 4165 2643 4218 incidat
2669 4165 2709 4217 S
2732 4165 2787 4217 in

540 4254 748 4307 incedit
775 4256 828 4307 R
861 4281 901 4292 -
935 4271 1002 4319 ²3
1036 4255 1501 4320 Chartaginiensis
1530 4255 1586 4308 A
1617 4282 1656 4292 -
1691 4271 1762 4320 24
1790 4255 1959 4319 adigit
1989 4255 2029 4307 S
2062 4281 2101 4291 -
2136 4271 2201 4319 25
2229 4265 2351 4319 post
2375 4255 2602 4307 dimidia
2625 4254 2749 4306 add.
2777 4272 2787 4303 ι

538 4344 591 4396 Β
623 4370 663 4381 -
698 4361 824 4408 pars
851 4344 965 4395 fere
993 4342 1078 4394 ho
1109 4371 1149 4381 -
1183 4345 1408 4396 uiennio
1434 4343 1497 4397 8ι
1531 4371 1571 4381 -
1608 4344 1675 4397 28
1704 4344 1934 4397 inbrifer
1960 4343 2001 4396 S
2034 4370 2073 4380 -
2109 4360 2176 4407 29
2204 4344 2492 4409 semipleni
2522 4343 2616 4396 SA
2649 4369 2687 4380 -
2721 4343 2787 4395 ni]

542 4432 769 4485 seminis
789 4432 881 4485 SA
913 4459 952 4469 -
987 4434 1331 4486 conualescat
1352 4432 1444 4485 SA
1477 4460 1516 4470 -
1551 4449 1623 4497 30
1642 4432 1919 4486 seminum
1939 4432 1991 4484 A
2025 4459 2063 4469 -
2098 4450 2335 4497 quarum
2356 4433 2538 4486 etilius
2559 4433 2599 4485 S
2622 4449 2787 4497 quarn

542 4521 617 4573 A¹
652 4547 693 4559 -·
729 4537 790 4584 31
825 4522 1020 4574 scrobe
1047 4521 1162 4574 SA¹
1196 4549 1235 4559 -
1269 4522 1368 4575 sed
1395 4521 1487 4574 SA
1516 4533 1571 4574 et
1598 4523 1651 4574 R
1686 4548 1724 4558 -
1758 4521 2276 4587 comprehenderint
2304 4522 2492 4574 statim
2519 4522 2572 4574 R
2599 4522 2705 4573 tim
2733 4521 2787 4573 Sa

543 4611 860 4662 autumnale
884 4611 941 4663 R
971 4636 1012 4647 -
1047 4626 1112 4676 33
1142 4611 1267 4664 cisis
1295 4611 1370 4663 A²
1404 4637 1442 4648 -
1478 4610 1753 4663 radicibus
1772 4610 1834 4677 jp
1863 4611 2137 4664 radicibus
2164 4611 2420 4664 radiculis
2448 4610 2515 4662 h¹
2550 4636 2588 4647 -
2624 4626 2695 4675 34
2721 4611 2787 4662 ob
