3109 5559
692 230 773 295 54
1326 235 1378 276 L.
1430 234 1553 276 ivm
1601 234 1922 277 nom-:Rau
1970 235 2380 278 COLVHELLAE

584 407 667 469 39
899 393 1231 472 Thymum
1291 404 1357 454 et
1418 394 1846 455 transmarina
1913 393 2144 456 cunela
2198 406 2265 455 et
2320 394 2699 475 serpyllum,
2767 396 2948 457 sicut

688 503 902 582 priore
949 499 1114 562 libro
1162 501 1289 561 iam
1340 498 1573 573 rettuli,
1625 501 1834 580 magis
1880 499 2122 562 aluaria
2168 502 2544 583 curantibus
2591 522 2790 582 quam
2824 503 2948 563 ho·

688 608 982 670 litoribus
1026 606 1317 668 studiose
1364 619 1810 668 conseruntur.
1904 607 2023 667 sed
2072 628 2194 669 nos
2239 628 2318 668 ea
2362 608 2948 670 condimentorum

689 735 883 777 causa
940 710 1113 794 (nam
1170 725 1318 774 sunt
1366 713 1756 794 quibusdam
1806 713 2154 775 esculentis
2199 711 2561 794 aptissima)
2608 735 2738 776 non
2787 715 2948 778 alie·

693 842 843 882 num
893 833 1198 901 putamus
1242 821 1437 881 etiam
1474 821 1537 880 in
1578 820 1783 881 hortis
1813 820 2077 882 habere.
2129 820 2342 882 locum
2377 841 2590 902 neque
2622 823 2948 903 pinguem

692 949 904 1009 neque
972 939 1420 999 stercoratum,
1483 927 1602 988 sed
1662 928 1954 1007 apricum
2014 927 2407 1002 desiderant,
2469 941 2540 989 ut
2587 949 2758 1008 quae
2806 950 2950 991 ma·

692 1037 966 1097 cerrimo
1012 1033 1156 1096 solo
1206 1055 1322 1114 per
1368 1053 1439 1094 se
1476 1034 1814 1094 maritimis
1848 1033 2227 1114 plerumque
2259 1035 2635 1114 regionibus
2669 1056 2948 1096 nascan-

588 1153 673 1213 40
693 1155 813 1206 tur.
892 1162 1010 1203 eae
1066 1161 1169 1201 res
1214 1152 1280 1202 et
1327 1141 1574 1201 semine
1623 1152 1687 1201 et
1737 1139 1976 1220 plantis
2036 1142 2210 1201 circa
2267 1143 2752 1221 aequinoctium
2800 1164 2948 1204 uer-

696 1270 845 1310 num
917 1259 1231 1310 seruntur.
1328 1246 1555 1307 melius
1627 1259 1846 1307 tamen
1908 1261 2008 1307 est
2068 1248 2275 1326 thymi
2338 1247 2629 1308 nouellas
2677 1248 2951 1327 plantas

695 1358 1062 1436 disponere.
1137 1375 1305 1435 quae
1374 1374 1519 1414 cum
1593 1354 1866 1414 subacto
1927 1353 2070 1414 solo
2132 1355 2487 1434 depressae
2543 1354 2795 1424 suerint,
2864 1378 2951 1417 ne

696 1464 879 1525 tarde
927 1460 1483 1541 conprehendant,
1533 1461 1697 1521 aridi
1737 1460 1947 1540 thymi
1993 1460 2284 1521 fruticem
2326 1461 2639 1522 contundi
2675 1477 2951 1541 oportet

696 1583 891 1650 atque
940 1571 1028 1630 ita
1077 1569 1319 1648 pinsito
1369 1566 1477 1628 illo
1527 1567 1754 1647 pridie,
1804 1588 2000 1647 quam
2047 1566 2329 1628 uolueris
2375 1570 2487 1639 uti,
2536 1588 2774 1648 aquam
2811 1590 2950 1631 me-

697 1678 941 1750 dicare;
992 1695 1159 1756 quae
1207 1694 1355 1735 cum
1399 1694 1625 1734 sucum
1659 1675 1797 1734 eius
1830 1675 2213 1754 perceperit,
2249 1674 2570 1753 depositis
2605 1674 2954 1738 fruticibus

592 1796 663 1853 41
698 1783 1068 1854 infunditur,
1118 1782 1330 1842 donec
1379 1801 1495 1841 eos
1545 1793 1718 1841 recte
1752 1780 2110 1842 confirmet.
2185 1793 2474 1842 ceterum
2507 1781 2734 1843 cunela
2767 1784 2952 1845 uiua—

698 1893 835 1952 cior
880 1901 999 1964 est,
1050 1909 1245 1970 quarn
1295 1901 1364 1949 ut
1412 1889 1748 1968 inpensius
1796 1889 2084 1949 curanda
2131 1890 2230 1949 sit.

914 1997 1259 2076 Lepidium
1309 2016 1457 2056 cum
1504 2007 1658 2056 ante
1705 1995 2042 2056 Kalendas
2087 1995 2355 2056 Martias
2385 1996 2690 2056 habueris
2721 1995 2952 2077 dispo-

699 2107 887 2166 situm
950 2103 1125 2165 uelut
1192 2123 1452 2183 porrum
1516 2103 1832 2163 sectiuum
1896 2103 2228 2163 demetere
2277 2104 2541 2182 poteri5‚
2604 2104 2802 2163 rarius
2859 2119 2954 2166 ta·

701 2232 865 2273 men.
949 2232 1097 2272 nam
1158 2223 1308 2290 post
1367 2208 1705 2270 Kalendas
1768 2209 2179 2270 Nouembres
2235 2211 2590 2270 secandum
2641 2230 2769 2270 non
2823 2214 2956 2273 erit

700 2320 1005 2399 quoniam
1059 2318 1401 2398 frigoribus
1448 2315 1760 2377 uiolatum
1811 2317 2147 2390 cmoritur;
2200 2317 2464 2377 biennio
2512 2329 2728 2377 tamen
2769 2318 2954 2380 suffi-

699 2428 843 2499 ciet,
894 2426 945 2486 si
995 2424 1341 2505 diligenter
1386 2435 1629 2484 sartum
1670 2436 1734 2483 et
1767 2435 2196 2484 stercoratum
2231 2423 2434 2484 suerit.
2495 2423 2709 2484 multis
2741 2426 2952 2486 etiam

702 2533 860 2594 locis
907 2532 1321 2593 uiuacitatem
1370 2551 1551 2591 suam
1603 2550 1807 2610 usque
1855 2532 1918 2591 in
1969 2550 2180 2591 annos
2226 2530 2458 2591 decem
2508 2545 2843 2611 prorogat.

595 2649 676 2709 42
912 2640 1071 2700 Beta
1144 2637 1397 2699 florenti
1468 2638 1709 2698 Punico
1777 2636 1948 2697 malo
2005 2639 2252 2698 semine
2300 2638 2592 2698 obruitur
2638 2650 2703 2699 et
2749 2639 2948 2700 simul

701 2760 895 2828 atque
961 2747 1245 2827 quinque
1319 2744 1613 2805 foliorum
1687 2757 1804 2816 est,
1856 2756 1924 2805 ut
1973 2744 2280 2818 brassica,
2332 2744 2622 2805 differtur
2668 2757 2950 2818 aestate,

702 2856 752 2915 si
804 2856 1020 2934 riguus
1067 2866 1165 2914 est
1216 2853 1423 2925 locus;
1484 2865 1549 2913 at
1598 2853 1650 2912 si
1699 2853 2055 2925 siccaneus,
2100 2863 2429 2924 autumnO,
2465 2871 2610 2911 cum
2646 2852 2771 2912 iam
2811 2852 2951 2932 plu·

702 2963 844 3022 uiae
894 2960 1293 3032 incesserint,
1345 2958 1605 3038 disponi
1654 2958 1940 3019 debebit.

888 3139 901 3168 1
951 3123 1131 3168 cunela
1169 3122 1315 3170 sud
1353 3120 1519 3167 cunila
1559 3124 1602 3168 Β
1764 3126 1814 3166 ct
1853 3125 1968 3165 ante
2005 3119 2285 3180 serpyllum
2327 3135 2429 3165 om.
2469 3120 2588 3167 SAR
2623 3120 2789 3181 suppl.
2834 3128 2950 3168 teeti.

703 3212 809 3258 rdd.
1016 3227 1046 3257 2
1088 3211 1254 3258 rettuli
1294 3211 1404 3258 §Ab
1460 3210 1608 3256 retuli
1649 3214 1691 3257 Β
1896 3209 2116 3255 salinaria
2156 3211 2194 3257 A
2253 3208 2441 3256 saluari
2481 3218 2530 3260 (a
2568 3208 2733 3255 adscr.
2775 3204 2880 3256 νηῒ)
2919 3215 2952 3258 S

704 3301 925 3348 nluearia
974 3304 1015 3348 Β
1222 3300 1417 3346 curanti
1468 3301 1537 3350 (b.
1588 3298 1750 3345 σείει-ν.
1790 3314 1829 3344 S.
1870 3314 1919 3344 u.
1961 3290 2058 3354 ιη’)
2106 3300 2140 3346 S
2356 3313 2386 3358 5
2433 3292 2639 3359 pingui}
2689 3301 2729 3347 A

708 3405 733 3449 7
778 3396 1051 3436 nascantur
1087 3391 1121 3436 S
1178 3395 1455 3435 nascuntur
1502 3390 1586 3437 AB
1794 3390 1826 3434 8
1867 3403 1960 3435 eae
1999 3383 2103 3443 (uel
2136 3387 2215 3450 ee)
2258 3404 2342 3435 res
2380 3392 2424 3437 Β
2471 3390 2514 3435 ἃ
2553 3403 2638 3435 res
2675 3390 2708 3435 «1
2759 3403 2823 3435 ea
2868 3405 2950 3436 res

704 3481 813 3527 SAn
958 3478 1212 3524 sesemine
1250 3479 1323 3526 SA
1468 3492 1503 3536 9
1552 3485 1792 3525 seruatur
1828 3478 1937 3529 SAb
2082 3477 2220 3538 hymi
2260 3481 2301 3532 (t
2325 3492 2366 3523 s.
2393 3493 2444 3523 u.
2475 3485 2694 3539 praescr.
2735 3471 2837 3524 ηιξ)
2878 3481 2951 3528 SA

870 3583 885 3612 1
908 3583 923 3613 1
971 3567 1409 3627 comprehendant
1447 3572 1557 3613 urtt.
1598 3566 1707 3612 edd.
1731 3579 1741 3611 :
1766 3567 2156 3626 conprehendat
2194 3569 2231 3615 A
2271 3566 2676 3626 comprehendat
2713 3568 2792 3615 SR

708 3656 891 3705 frutice
927 3659 1000 3706 SA
1041 3656 1302 3704 fructicem
1344 3661 1386 3704 Β
1548 3671 1608 3702 12
1649 3657 1837 3716 pinsito
1877 3656 1963 3702 illo
2001 3657 2182 3718 scre'jtsn‘
2207 3655 2564 3717 praeeuntibus·
2587 3661 2814 3717 exparte
2839 3663 2950 3703 uett.

705 3748 823 3793 edd:
863 3747 908 3794 in
950 3747 1035 3792 illo
1075 3748 1186 3794 SAa
1225 3746 1375 3792 insito
1415 3750 1458 3794 Β
1495 3746 1644 3794 insita
1681 3759 1715 3804 p
1899 3760 1960 3804 13
2000 3761 2211 3793 succum
2250 3749 2294 3794 Β
2474 3745 2704 3802 fruticib;
2742 3747 2777 3792 «1
2819 3747 2952 3794 fruc-

706 3838 840 3884 tibus
878 3839 996 3885 SAR
1157 3850 1216 3895 15
1257 3835 1538 3895 impensius
1575 3840 1616 3884 Β
1651 3836 1894 3896 inpenses
1933 3838 2006 3884 SA
2047 3836 2277 3895 impense
2313 3849 2343 3882 (3
2494 3836 2557 3881 16
2595 3833 2708 3881 mlx·
2745 3836 2779 3882 S
2821 3836 2952 3883 m3rt

706 3929 744 3975 A
772 3935 916 3974 mart.
946 3926 1025 3972 uel
1049 3925 1254 3971 martias
1282 3928 1324 3971 Β
1476 3928 1536 3972 18
1567 3924 1839 3972 nouembr.
1880 3927 1913 3972 S
1953 3924 2195 3972 noueffib.
2236 3925 2270 3971 A
2313 3924 2581 3970 nouembr.
2622 3924 2704 3970 ue!
2738 3939 2953 3972 nouem-

707 4017 811 4062 hris
850 4021 892 4064 Β
1060 4032 1121 4075 19
1160 4015 1354 4064 uiolata
1392 4016 1427 4062 A
1597 4031 1660 4062 22
1702 4015 1906 4062 florenti
1947 4015 2040 4066 (flo
2080 4016 2132 4062 in
2174 4013 2295 4062 ras.)
2333 4017 2367 4062 Β
2537 4013 2755 4062 Ποτίοτῗί
2796 4018 2839 4064 Α
2882 4019 2952 4069 (in

708 4106 945 4152 foliorum
986 4111 1108 4152 utut.
1150 4100 1247 4158 ηερ)
1287 4108 1319 4152 S
1497 4121 1562 4164 24
1606 4107 1752 4151 locus
1791 4106 1911 4153 SAR
1948 4105 2129 4151 hortus
2167 4106 2199 4151 d
2238 4119 2340 4150 om.
2379 4105 2413 4150 b
2582 4119 2639 4150 ac
2679 4106 2719 4152 A
2759 4115 2850 4153 aut
2889 4107 2953 4153 bd

849 4196 1131 4243 siccanaeus
1168 4195 1289 4250 (om.
1331 4195 1392 4250 si)
1431 4196 1466 4242 A
1618 4210 1682 4254 25
1725 4194 1931 4240 debebit
1969 4199 2079 4239 mli.
2119 4192 2254 4240 edm:
2295 4193 2557 4240 debebunt
2589 4194 2707 4241 SAR
2738 4194 2900 4242 debet
2925 4208 2956 4254 p

2972 857 3000 900 5

2981 1389 3034 1419 10

2985 1917 3034 1961 15

2977 2451 3033 2481 20

2974 2984 3029 3027 25
