3109 5559
1051 456 1151 499 REI
1196 455 1505 500 RVSTICAE
1552 456 1665 500 ΠΒ.
1716 456 1735 499 1
1789 462 1833 494 c.
1875 458 1923 508 3.
1961 461 1995 508 4
2611 452 2687 516 25

609 616 928 697 Sequitur
974 616 1293 697 deinceps
1325 615 1813 680 Caesonianum
1847 627 2295 697 praeceptum,
2330 635 2463 697 quo
2499 613 2756 678 sertur4

452 744 588 789 usus
657 724 863 786 etiam
936 722 1107 786 Cato
1155 723 1436 800 Marcus,
1486 744 1719 806 agrum
1766 743 1915 786 esse
1964 723 2382 786 reuisendum
2428 725 2693 804 saepius

450 851 602 907 eum,
678 850 879 912 quem
946 829 1108 892 uelis
1174 832 1465 894 mercari.
1563 851 1715 893 nam
1764 831 1973 912 prima
2021 830 2432 911 inspectione
2481 849 2693 911 neque

454 939 597 1000 uitia
645 957 869 1019 neque
918 938 1192 1000 uirtutes
1238 937 1505 1001 abditas
1550 938 1865 1013 ostendit,
1915 957 2085 1019 quae
2135 957 2292 999 mox
2341 949 2690 1000 retractan-

405 1045 609 1123 5tibus
661 1043 917 1107 facilius
964 1057 1305 1125 apparent.
1402 1046 1834 1126 inspectionis
1880 1065 2144 1126 quoque
2192 1044 2371 1107 uelut
2418 1043 2691 1106 formula

448 1152 626 1214 nobis
706 1171 744 1213 a
815 1152 1171 1213 maioribus
1240 1151 1480 1215 tradita
1549 1163 1652 1214 est
1723 1152 1862 1233 agri
1930 1153 2193 1233 pinguis
2256 1172 2334 1214 ac
2382 1151 2555 1229 laeti,
2605 1153 2691 1213 de

445 1260 614 1320 cuius
663 1257 983 1340 qualitate
1030 1258 1326 1320 dicemus
1372 1278 1496 1321 suo
1544 1258 1713 1334 loco,
1763 1277 1912 1320 cum
1961 1259 2046 1320 de
2093 1258 2447 1340 generibus
2479 1269 2690 1321 terrae

445 1366 857 1428 disseremus.
953 1366 1016 1427 in
1065 1368 1441 1427 uniuersum
1492 1376 1711 1427 tamen
1745 1367 1934 1447 quasi
1968 1365 2455 1429 testificandum
2489 1378 2688 1446 atque
2713 1381 2750 1425 2

444 1474 704 1554 saepius
751 1472 1264 1553 praedicandum
1313 1472 1551 1548 habeo,
1601 1472 1781 1554 quod
1829 1473 2041 1554 primo
2073 1474 2200 1534 iam
2236 1472 2481 1534 Punico
2513 1471 2689 1534 bello

376 1608 429 1644 ιο
446 1580 573 1641 dux
646 1578 1119 1660 inclytissimus
1178 1579 1266 1641 M.
1333 1579 1579 1643 Atilius
1648 1579 1945 1661 Regulus
1993 1579 2242 1641 dixisse
2292 1593 2690 1641 memoratur

446 1687 714 1749 fundum
761 1687 948 1749 sicuti
998 1706 1081 1749 ne
1129 1687 1578 1749 fecundissimi
1625 1686 1892 1768 quidem
1939 1685 2082 1763 soli,
2132 1706 2282 1748 cum
2327 1687 2412 1749 sit
2459 1685 2688 1748 insalu-

443 1794 589 1869 bris,
640 1796 732 1857 ita
782 1814 903 1857 nec
951 1794 1147 1867 effeti,
1196 1796 1250 1857 si
1301 1794 1404 1856 uel
1438 1793 1906 1857 saluberrimus
1935 1795 2039 1868 sit,
2077 1795 2470 1875 parandum;
2506 1795 2687 1874 quod

442 1901 683 1964 Atilius
730 1901 963 1964 aetatis
1010 1921 1167 1963 suae
1216 1901 1523 1983 agricolis
1573 1903 1819 1964 maiore
1862 1921 2011 1964 cum
2045 1902 2435 1964 auctoritate
2467 1920 2687 1962 cense-

441 2008 551 2070 bat
623 2010 875 2090 peritus
945 2028 1085 2083 usu,
1160 2028 1309 2070 nam
1368 2008 1684 2089 Pupiniae
1731 2007 2100 2089 pestilentis
2147 2008 2336 2070 simul
2385 2019 2451 2070 et
2499 2006 2688 2070 exilis
2714 2024 2748 2085 3

368 2117 576 2195 15agri
641 2114 960 2177 cultorem
1035 2115 1232 2178 fuisse
1302 2136 1451 2177 eum
1509 2115 1815 2178 locuntur
1860 2115 2192 2179 historiae.
2286 2127 2690 2197 quapropter

441 2242 584 2284 cum
648 2225 735 2285 sit
790 2223 1113 2303 sapientis
1158 2243 1289 2285 non
1341 2222 1584 2303 ubique
1632 2242 1852 2285 emere
1900 2242 2022 2285 nec
2072 2234 2184 2285 aut
2230 2221 2547 2284 ubertatis
2596 2223 2685 2283 in-

440 2328 715 2392 lecebris
777 2343 891 2391 aut
950 2329 1329 2392 deliciarum
1388 2331 1836 2393 concinnitate
1892 2331 2131 2411 decipi,
2180 2331 2275 2392 sic
2322 2349 2548 2391 uerum
2598 2330 2686 2390 in-

438 2437 670 2498 dustrii
717 2437 922 2517 patris
971 2436 1253 2499 familiae
1285 2447 1404 2511 est,
1440 2439 1752 2519 quicquid
1786 2448 1900 2501 aut
1930 2438 2162 2500 emerit
2192 2447 2305 2498 aut
2337 2437 2683 2517 acceperit,

441 2542 656 2605 facere
728 2543 1132 2606 fructuosum
1205 2557 1402 2625 atque
1451 2544 1628 2619 utile,
1678 2545 1992 2625 quoniam
2040 2555 2106 2606 et
2154 2544 2475 2624 grauioris
2521 2542 2682 2605 caeli

354 2657 641 2715 zomulta
708 2651 997 2712 remedia
1054 2652 1306 2732 priores
1352 2651 1782 2727 tradiderunt,
1832 2651 2069 2733 quibus
2116 2651 2448 2732 mitigetur
2495 2651 2687 2731 pesti·

442 2757 574 2820 fera
637 2756 797 2833 lues,
860 2768 928 2820 et
974 2759 1039 2820 in
1089 2756 1244 2820 exili
1292 2770 1464 2820 terra
1512 2757 1781 2822 cultoris
1829 2759 2175 2840 prudentia
2222 2778 2300 2820 ac
2347 2757 2687 2838 diligentia

433 2866 715 2927 maciem
776 2865 900 2927 soli
957 2866 1219 2928 uincere
1268 2877 1508 2945 potest.
1605 2866 1791 2939 haec,
1836 2878 2055 2929 autem
2104 2866 2582 2946 consequimur,
2633 2865 2750 2939 si4

432 2973 780 3035 uerissimo
826 2974 963 3035 uati
1011 2972 1187 3035 uelut
1234 2973 1500 3035 oraculo
1547 2973 2018 3036 crediderimus
2068 2973 2345 3035 dicenti:

433 3092 717 3142 uentos
767 3090 840 3142 et
888 3082 1287 3161 proprium
1336 3079 1539 3143 caeli
1591 3081 2096 3161 praediscere
2144 3099 2432 3142 morem

344 3196 403 3247 ²5
429 3188 625 3231 cura
669 3170 782 3231 sit
826 3189 905 3232 ac
952 3170 1256 3249 patrios
1302 3169 1569 3232 cultus
1617 3170 2093 3251 habitusque
2142 3168 2488 3231 locorum

426 3270 503 3320 et
553 3260 749 3339 quid
794 3278 1149 3340 quaeque
1185 3257 1387 3320 ferat
1423 3260 1640 3339 regio
1677 3259 1969 3340 etquid
1997 3278 2356 3340 quaeque
2379 3269 2689 3319 recuset

615 3384 700 3431 lv.
778 3384 896 3448 Que
920 3385 1168 3446 precipue
1194 3385 1243 3431 in
1274 3384 1343 3439 (in
1371 3399 1475 3431 om.
1500 3383 1658 3444 dgqt)
1683 3384 2006 3445 inspiciendo
2034 3400 2159 3446 agro
2187 3391 2461 3445 antequam
2490 3389 2692 3430 ematur

426 3473 663 3521 notanda
701 3481 823 3522 sunt
859 3474 999 3521 rubr.
1037 3488 1195 3534 cgmq
1233 3477 1329 3520 atr.
1370 3474 1404 3521 n
1442 3474 1658 3521 maiusc.
1697 3478 1723 3523 t
1759 3475 1813 3521 in
1854 3489 2025 3536 marg.
2063 3476 2134 3522 ιὶἰ
2287 3476 2321 3522 6
2360 3489 2390 3520 a
2427 3473 2690 3531 sdgklptii

424 3577 530 3607 om.
562 3563 649 3609 ΑΒ
782 3577 818 3622 9
855 3564 991 3610 abeo
1029 3564 1083 3617 (h
1115 3578 1183 3611 ss.
1212 3577 1282 3609 m.
1303 3570 1385 3625 pr.
1412 3567 1470 3608 ut
1487 3560 1615 3620 uid.)
1635 3563 1669 3610 S
1809 3578 1870 3609 10
1896 3562 2244 3611 inclitissimus
2265 3566 2308 3611 Β
2326 3562 2551 3625 plerique

418 3656 540 3713 post
578 3651 902 3700 disseremus
940 3653 1014 3699 tit.
1040 3652 1180 3699 rubr.
1206 3652 1286 3699 De
1312 3651 1616 3699 salubritate
1641 3652 1908 3714 regionum
1936 3651 2026 3698 1111
2053 3665 2105 3699 m
2253 3653 2317 3699 M.
2345 3666 2448 3699 om.
2475 3652 2547 3698 SA

420 3740 626 3787 attilius
665 3744 708 3788 Β
880 3756 934 3787 11
988 3741 1122 3789 sicut
1174 3720 1258 3789 ine
1305 3744 1338 3790 S
1376 3731 1459 3790 si?
1494 3742 1584 3789 Ine
1621 3743 1660 3789 A
1837 3757 1896 3788 ια
1946 3741 2091 3789 effeti
2128 3743 2173 3790 Β
2211 3741 2386 3789 eflecti
2424 3734 2688 3790 Ab¹cmst¹

421 3836 471 3881 (c
513 3828 652 3892 exp.)
677 3831 712 3879 S
858 3830 902 3878 si
927 3846 1033 3877 om.
1058 3828 1166 3879 SA&
1321 3842 1382 3892 13
1409 3830 1604 3879 attilius
1630 3831 1675 3878 Β
1820 3832 2068 3879 censebat
2094 3826 2283 3890 nd¹klp
2311 3830 2554 3878 ueniebat
2572 3831 2692 3879 SAR

416 3924 543 3965 καί.
586 3902 698 3968 edil.
830 3933 891 3979 14
929 3934 995 3967 ex
1034 3920 1133 3967 illis
1158 3922 1192 3969 S
1217 3919 1386 3968 exiliis
1415 3931 1442 3965 e
1470 3924 1518 3977 (ε
1545 3918 1661 3976 del.)
1685 3921 1722 3968 A
1854 3935 1914 3981 15
1941 3921 2183 3968 locuntur
2207 3921 2315 3969 SAd
2341 3919 2624 3984 loquuntur
2651 3924 2692 3967 Β

582 4010 645 4056 16
681 4008 945 4056 illecebris
983 4012 1026 4057 Β
1044 4010 1269 4071 plerique
1419 4024 1480 4069 17
1509 4009 1795 4056 diliciarum
1825 4010 1864 4058 A
2005 4012 2065 4057 18
2092 4009 2328 4070 quicquit
2353 4007 2393 4064 (t
2421 4010 2474 4055 in
2502 4009 2534 4056 d
2562 4013 2690 4056 mut.

418 4114 493 4143 m.
537 4096 654 4153 alt.)
693 4098 728 4144 S
765 4096 1001 4157 quitquid
1036 4096 1101 4155 (c.
1138 4114 1181 4145 s.
1220 4106 1240 4146 t
1276 4114 1371 4146 scr.
1401 4113 1472 4148 m.
1501 4095 1616 4154 rec.)
1641 4099 1680 4146 A
1790 4096 1913 4145 aute
1936 4098 2010 4154 (Ξῖ
2036 4099 2094 4155 A)
2122 4097 2219 4146 erit
2243 4100 2317 4157 SA
2472 4113 2533 4159 19
2559 4098 2693 4145 {ruc-

415 4195 635 4234 tuosam
688 4184 744 4247 (v
792 4201 835 4233 s.
889 4202 921 4234 a
970 4202 1042 4233 m.
1095 4186 1209 4244 rec.)
1258 4190 1297 4236 A
1445 4202 1508 4234 21
1561 4164 1824 4249 diligentia
1860 4187 2021 4235 aciem
2061 4186 2206 4245 (corr.
2238 4186 2435 4251 postea)
2473 4190 2548 4236 SA

415 4291 486 4322 22
530 4272 918 4334 consequimur
956 4277 1117 4336 SAlqt
1157 4291 1542 4337 consequemur
1581 4280 1623 4324 Β
1767 4291 1832 4335 24
1874 4275 2022 4339 Verg.
2066 4273 2244 4340 Georg.
2287 4276 2334 4337 1,
2363 4292 2417 4330 σι
2449 4292 2558 4338 sqq.

416 4363 708 4426 proprium
752 4366 838 4412 AB
871 4363 1004 4427 ,ppiu
1044 4366 1079 4413 S
1115 4365 1311 4414 uarium
1353 4364 1496 4413 codd.
1523 4364 1669 4427 Vcrg.
1817 4374 1879 4427 25
1933 4366 2206 4430 cultusque
2234 4365 2376 4415 codd.
2404 4365 2550 4429 Verg.

420 4457 495 4501 26
538 4453 659 4514 quit
698 4451 740 4510 (t
774 4455 828 4500 in
867 4455 899 4501 d
940 4453 1087 4511 mut.)
1122 4456 1197 4504 SA
1222 4460 1435 4516 utroque
1458 4455 1563 4501 loco
1708 4468 1807 4519 qn?
1831 4454 1911 4511 (q;
1937 4470 1979 4502 s·
2007 4470 2058 4501 u.
2084 4454 2229 4512 add.)
2253 4458 2327 4503 SA
2352 4459 2564 4515 utroque
2587 4456 2693 4501 loco
