3109 5559
1135 351 1235 393 REI
1282 349 1591 394 Rvs'rchE
1639 351 1753 394 [ΑΒ.
1803 352 1822 394 1
1868 357 1912 391 c.
1951 344 1983 391 6
2604 350 2679 415 35

404 510 597 571 enim
661 510 964 589 corporis
1014 510 1233 573 robori
1280 512 1593 572 conuenit
1641 510 1945 592 frequens
1993 531 2148 573 usus
2194 532 2439 574 earum.
2535 533 2689 594 apo·

404 617 660 678 thecae
712 629 891 678 recte
934 629 1460 697 superponentur
1492 618 1595 680 his
1627 617 1807 692 locis,
1843 620 2018 681 unde
2053 617 2440 701 plerumque
2476 618 2691 681 fumus

405 725 745 797 exoritur,
818 725 1135 804 quoniam
1204 726 1355 787 uina
1425 724 1722 788 celerius·
1769 737 2243 801 uetustescunt‚
2294 746 2462 807 quae
2509 727 2691 788 sumo

408 831 725 912 quodam
774 851 1015 911 genere
1067 851 1505 914 praecoquem
1556 834 1997 895 maturitatem
2046 833 2329 896 trahunt.
2425 846 2693 915 propter

356 940 609 1019 5quod
686 950 754 1000 et
824 937 999 1000 aliud
1071 938 1434 1002 tabulatum
1504 960 1652 1003 esse
1714 940 2006 1015 debebit,
2057 961 2191 1021 quo
2240 957 2689 1013 amoueantur,

413 1066 501 1107 ne
558 1066 787 1107 rursus
835 1047 1035 1108 nimia
1081 1046 1540 1110 suffumatione
1591 1048 1918 1110 medicata
1967 1049 2117 1110 sint.

613 1151 820 1233 Quod
891 1154 977 1215 ad
1028 1152 1222 1216 uillae
1269 1155 1462 1216 situm
1515 1156 1930 1235 partiumque
1977 1156 2119 1216 eius
2169 1155 2694 1235 dispositionem,

414 1261 592 1322 satis
641 1260 890 1322 dictum
937 1272 1058 1323 est.
1138 1263 1310 1323 circa
1344 1261 1567 1323 uillam
1599 1263 1917 1343 deinceps
1951 1263 2114 1324 haec
2146 1282 2293 1325 esse
2323 1262 2688 1342 oportebit:
2719 1279 2788 1324 21

423 1366 704 1429 furnum
754 1380 822 1429 et
870 1369 1236 1448 pistrinum,
1285 1380 1605 1451 quantum
1656 1368 1910 1432 futurus
1968 1389 2277 1431 numerus
2308 1368 2690 1431 colonorum

336 1504 401 1540 10
423 1473 894 1555 postulauerit,
969 1476 1257 1555 piscinas
1328 1476 1594 1539 minime
1659 1478 1848 1551 duaS,
1898 1477 2189 1552 alteram,
2240 1496 2413 1557 quae
2459 1478 2696 1538 anseri-

423 1582 558 1643 bus
633 1583 1121 1664 pecoribusque
1191 1584 1452 1657 seruiat,
1526 1583 1819 1659 alteram,
1885 1584 1947 1645 in
1997 1604 2127 1665 qua
2174 1582 2490 1663 lupinum,
2543 1583 2696 1644 ulmi

426 1690 690 1751 uimina
736 1702 805 1751 et
852 1692 1073 1770 uirgas
1121 1702 1319 1772 atque
1366 1690 1512 1767 alia,
1563 1711 1734 1773 quae
1781 1704 1936 1754 sunt
1982 1692 2208 1753 usibus
2243 1692 2484 1752 nostris
2517 1704 2694 1770 apta,

432 1816 875 1859 maceremus,
972 1796 1299 1860 Stercilina
1345 1819 1611 1880 quoque
1660 1800 1793 1862 duo
1842 1800 1992 1871 sint,
2052 1819 2271 1871 unum,
2308 1798 2491 1878 quod
2523 1817 2697 1859 noua

432 1917 885 1985 purgamenta
958 1906 1229 1987 recipiat
1299 1917 1366 1968 et
1434 1907 1499 1967 in
1557 1926 1799 1968 annum
1847 1917 2215 1974 conseruet,
2266 1904 2565 1975 alterum,
2612 1923 2698 1965 ex

347 2040 404 2091 ¹5
430 2032 569 2092 quo
596 2023 829 2073 uetera
857 2012 1194 2087 uehantur,
1222 2014 1341 2075 sed
1369 2024 1715 2093 utrumque
1743 2032 1922 2074 more
1945 2013 2344 2092 piscinarum
2369 2012 2695 2073 deuexum

430 2119 562 2181 leni
614 2117 790 2180 cliuo
839 2132 906 2181 et
934 2128 1355 2182 'exstructum
1393 2121 2048 2200 pauimentatumque
2081 2118 2244 2194 so10,
2288 2138 2372 2180 ne
2405 2138 2697 2180 umorem

433 2228 832 2288 tramittant.
909 2226 1258 2308 plurimum
1307 2229 1481 2289 enim
1517 2227 1711 2289 refert
1745 2247 1875 2289 non
1912 2228 2246 2289 adsiccato
2279 2246 2440 2287 suco
2472 2225 2695 2287 fimum
2724 2240 2803 2285 22

437 2335 616 2396 uires
666 2335 1010 2396 continere
1060 2346 1124 2397 et
1174 2335 1453 2397 adsiduo
1503 2335 1818 2399 macerari
1868 2333 2138 2414 liquore,
2190 2344 2281 2408 ut,
2331 2334 2386 2394 si
2432 2352 2564 2413 qua
2610 2334 2699 2393 in-

440 2442 719 2503 teriecta
782 2442 914 2503 sint
960 2444 1338 2505 stramentis
1386 2453 1497 2504 aut
1545 2441 1752 2523 paleis
1798 2442 2131 2522 spinarum
2182 2439 2285 2501 uel
2334 2441 2699 2520 graminum

354 2549 725 2623 zosemina,
778 2549 1096 2611 intereant
1144 2569 1268 2613 nec
1315 2551 1378 2611 in
1426 2569 1655 2630 agrum
1705 2559 2059 2629 exportata
2107 2547 2354 2628 segetis
2395 2547 2702 2608 herbidas

238 2676 241 2787 k
441 2656 754 2727 reddant,
829 2657 1115 2738 ideoque
1182 2658 1372 2738 periti
1421 2657 1665 2728 rustici,
1714 2656 2029 2737 quicquid
2076 2654 2360 2717 ouilibus
2407 2651 2696 2715 stabulis·

240 2800 243 2883 δ
443 2784 575 2844 que
624 2783 1023 2826 conuersum
1075 2775 1565 2845 progesserunt,
1614 2763 2050 2843 superpositis
2080 2762 2283 2843 uirgis
2315 2770 2551 2839 tegunt
2583 2779 2704 2820 nec

444 2891 750 2934 arescere
799 2870 958 2934 solis
1004 2874 1265 2934 incursu
1301 2873 1634 2949 patiuntur
1667 2870 1771 2932 uel
1805 2871 2009 2932 exuri.
2091 2888 2264 2943 area,
2298 2869 2354 2930 si
2385 2868 2703 2948 conpetit,
2731 2882 2807 2944 23

442 2979 536 3040 ita
577 2980 1048 3042 constituenda
1086 2992 1204 3053 est,
1241 2990 1309 3041 ut
1344 2978 1445 3041 uel
1482 2999 1519 3041 a
1553 2979 1826 3040 domino
1860 2976 1960 3039 uel
1995 2987 2173 3038 certe
2204 2996 2244 3037 a
2279 2986 2702 3055 procuratore

363 3114 421 3165 25
448 3088 706 3169 despici
778 3088 1003 3167 possit,
1072 3107 1281 3168 eaque
1332 3087 1585 3167 optima
1632 3096 1734 3147 est
1780 3084 1961 3146 silice
2008 3093 2363 3157 constrata,
2412 3082 2590 3161 quod
2640 3092 2704 3140 et

634 3357 664 3388 2
706 3339 999 3401 plerunque
1038 3341 1083 3388 B
1115 3339 1336 3402 plerique
1477 3352 1511 3398 3
1548 3335 1656 3397 quo
1691 3338 1766 3385 SA
1802 3351 1959 3396 quom
1988 3335 2068 3382 ue!
2090 3349 2205 3382 cum
2233 3335 2278 3383 R
2423 3349 2452 3391 4
2481 3345 2705 3392 prequo·

452 3429 560 3490 que
598 3433 633 3478 S
672 3443 1052 3491 praequoquem
1079 3431 1118 3477 A
1280 3442 1310 3489 5
1350 3427 1475 3475 aliut
1510 3426 1550 3483 (t
1589 3428 1643 3473 in
1682 3426 1715 3473 d
1748 3430 1923 3488 postea
1963 3420 2111 3479 mut.)
2137 3425 2172 3471 8
2314 3428 2622 3469 :mouentur
2648 3418 2702 3474 (n

450 3536 517 3567 ss.
570 3523 681 3568 iam
724 3536 795 3567 m.
817 3527 896 3582 pr.
924 3524 981 3565 ut
1006 3518 1132 3573 uid.)
1162 3521 1201 3567 A
1333 3520 1366 3564 6
1393 3494 1765 3564 suffuniatione
1790 3513 1997 3564 SAbact
2022 3512 2291 3561 suffitione
2320 3511 2400 3557 uel
2424 3509 2703 3557 sufficione

456 3613 499 3659 B
537 3610 840 3658 suffusione
877 3624 911 3669 p
1102 3623 1164 3654 xo
1208 3607 1426 3670 pistinas
1471 3606 1542 3664 (st
1582 3610 1755 3668 postea
1792 3620 1921 3650 eras.
1959 3608 2005 3649 et
2041 3618 2096 3650 sc
2134 3600 2252 3659 scr.)
2289 3601 2324 3648 S
2359 3598 2433 3654 (in
2461 3598 2704 3660 pistrinos

455 3705 582 3745 mut.
611 3716 683 3745 m.
710 3697 825 3754 rec.)
853 3700 888 3746 A
1038 3697 1244 3744 minime
1283 3698 1333 3749 <e
1372 3698 1426 3742 in
1463 3694 1499 3742 ῒι
1540 3698 1668 3740 mut.
1709 3710 1778 3740 m.
1818 3692 1927 3749 alt.)
1982 3694 2016 3740 S
2191 3705 2247 3738 11
2292 3689 2414 3736 ulmi
2452 3704 2556 3735 om.
2596 3684 2703 3736 SA&

512 3794 531 3821 ⁹
644 3804 704 3835 12
745 3794 867 3836 sunt
902 3789 939 3836 A
1134 3800 1193 3846 15
1233 3793 1492 3845 utrunque
1531 3785 1577 3832 B
1753 3786 1814 3831 16
1854 3782 1956 3830 leui
1993 3782 2112 3830 SAR
2298 3785 2589 3826 extructum
2629 3778 2708 3824 SR

643 3878 1154 3939 pauimentatumque
1208 3876 1420 3937 scripsi:
1473 3866 1829 3935 pauifiitulque
1867 3872 1900 3919 S
1947 3870 2406 3932 pauimentumque
2444 3869 2528 3915 AB
2565 3866 2707 3927 paui-

260 3970 263 4047 ἱ
459 3977 631 4028 tumq;
670 3968 732 4016 kl
884 3982 943 4023 ¹7
984 3980 1113 4015 suco
1151 3981 1253 4012 om.
1285 3958 1458 4013 SAffli
1607 3963 1670 4009 18
1708 3962 1922 4009 assiduo
1951 3964 1992 4008 B
2137 3974 2203 4006 2ο
2230 3958 2480 4006 seminam
2508 3963 2710 4004 tereant

461 4056 607 4111 (corr.
647 4073 718 4102 m.
760 4055 872 4107 rec.)
914 4057 950 4103 A
1097 4069 1157 4101 21
1201 4054 1437 4114 quidquit
1474 4054 1550 4105 (in
1589 4052 1834 4112 quicquid
1873 4056 2000 4096 mut.
2040 4066 2110 4096 m.
2151 4048 2265 4105 rec.)
2303 4050 2341 4096 A
2487 4062 2552 4093 22
2591 4061 2710 4106 pro·

465 4152 739 4194 cesserunt
775 4151 817 4194 lt
854 4145 1055 4206 aliquot
1232 4158 1299 4204 23
1338 4157 1612 4191 arcessere
1651 4144 1694 4190 B
1731 4141 1927 4202 aliquot
2069 4142 2154 4185 uel
2193 4135 2381 4184 addidi
2417 4152 2427 4182 :
2469 4151 2554 4182 om
2593 4136 2711 4182 SAR

471 4243 555 4282 aut
588 4240 709 4299 post
744 4250 985 4283 arescere
1026 4237 1175 4282 inser.
1215 4237 1280 4293 gt
1362 4233 1510 4281 exuri
1548 4247 1651 4278 om.
1693 4228 1801 4279 SA&
1958 4229 2205 4289 competit
2247 4232 2286 4275 B
2434 4238 2499 4287 25
2537 4231 2712 4286 potest

467 4321 582 4381 (seit
620 4341 689 4372 ss.
733 4326 840 4371 iam
881 4340 950 4370 m.
989 4329 1083 4371 uel.
1123 4330 1181 4371 ut
1214 4318 1344 4384 uid.)
1380 4325 1419 4371 A
1567 4321 1711 4368 silice
1750 4323 1792 4367 B
1829 4319 2026 4366 insilice
2065 4316 2171 4365 SAb
