3109 5559
421 418 450 466 5

386 949 452 986 10

378 2016 450 2054 20

379 2549 445 2597 25

375 3081 446 3130 30

373 3614 440 3663 35

492 208 576 296 38
706 209 785 275 L.
821 209 973 275 Iuni
1004 208 1337 276 Moderati
1368 209 1774 277 Columellae

498 386 888 454 transfertur
925 387 994 453 in
1032 409 1189 453 uasa
1225 401 1292 454 et
1328 388 1689 475 reponitur,
1730 401 1807 454 ut
1844 401 1995 475 post
2031 410 2283 455 annum
2322 387 2409 455 sit
2446 389 2515 455 in
2552 411 2701 455 usu.
2745 404 2998 476 potest

494 508 718 560 tamen
741 508 809 561 et
831 507 983 581 post
1006 493 1147 560 dies
1171 516 1435 574 nouem,
1463 516 1668 581 quam
1691 494 2032 574 refrixerit,
2060 494 2230 561 adici
2254 495 2325 561 in
2348 494 2605 574 uinum,
2633 509 2702 562 et
2726 497 2994 563 melius

495 614 616 679 est,
653 600 709 666 si
744 623 917 666 anno
953 600 1367 686 requieuerit.
1406 601 1549 667 eius
1584 599 1829 667 defruti
1863 602 2182 667 sextarius
2216 601 2287 667 in
2322 600 2487 667 duas
2519 624 2722 668 urnas
2758 604 2991 669 musti

496 705 796 786 adicitur,
835 707 890 773 si
926 721 1223 775 mustum
1257 728 1338 773 ex
1371 707 1587 773 uineis
1621 707 1878 773 collinis
1913 720 2032 786 est,
2071 706 2209 787 sed,
2248 708 2304 773 si
2340 730 2422 774 ex
2455 709 2986 794 campestribus»,

496 827 629 880 tres
663 813 963 879 heminae
997 813 1390 880 adiciuntur.
1482 834 1522 879 2
1567 814 1856 900 patimur
1888 827 2131 893 autem,
2167 835 2324 880 cum
2358 813 2442 880 de
2476 814 2622 881 lacu
2659 829 2982 888 mustum

494 919 832 987 sublatum
874 933 992 999 est,
1039 919 1246 986 biduo
1292 919 1739 1015 deferuescere
1783 934 1850 987 et
1892 920 2179 1007 purgari;
2225 920 2419 987 tertio
2464 920 2570 987 die
2614 920 2985 992 defrutum

495 1027 835 1094 adicimus,
884 1026 1122 1093 deinde
1163 1027 1549 1114 interposito
1593 1027 1821 1107 biduo,
1866 1049 2023 1093 cum
2064 1026 2135 1093 id
2175 1042 2474 1094 mustum
2514 1028 2764 1114 pariter
2811 1050 2982 1095 cum

495 1133 759 1199 defruto
790 1133 1209 1228 deferbuerit,
1241 1148 1560 1221 purgatur
1587 1147 1654 1200 et
1681 1134 1772 1200 ita
1798 1156 1878 1199 eo
1907 1134 2187 1200 adicitur
2215 1124 2286 1200 in
2314 1133 2503 1200 binas
2530 1156 2733 1200 urnas
2763 1135 2984 1222 ligula

493 1240 826 1306 cumulata
856 1239 963 1306 uel
993 1262 1300 1306 mensura
1328 1240 1703 1307 semunciae
1733 1240 1903 1306 bene
1933 1241 2164 1327 plenae
2194 1240 2347 1306 salis
2376 1241 2546 1321 coeti
2575 1255 2643 1308 et
2672 1242 2844 1308 triti.
2882 1242 2979 1308 sal

494 1361 716 1412 autem
760 1369 961 1433 quam
1001 1346 1507 1413 candidissimus
1547 1347 1824 1435 coicitur
1865 1347 1935 1413 in
1976 1368 2174 1430 urceo
2214 1346 2401 1413 fictili
2441 1347 2584 1413 sine
2626 1348 2804 1434 pice3
2856 1349 2980 1436 qui

493 1475 730 1520 urceus
764 1476 918 1519 cum
954 1453 1184 1539 recipit
1217 1453 1440 1532 salem,
1478 1454 1824 1539 diligenter
1857 1467 2037 1520 totus
2071 1440 2390 1519 oblinitur
2424 1453 2563 1520 luto
2599 1454 2874 1540 paleato
2909 1468 2977 1521 et

494 1560 584 1626 ita
610 1560 743 1645 igni
770 1560 1161 1626 admouetur
1185 1581 1259 1625 ac
1280 1560 1536 1626 tamdiu
1561 1573 1866 1638 torretur,
1893 1559 2213 1646 quamdiu
2237 1560 2590 1646 strepitum
2612 1560 2780 1640 edit;
2811 1583 2975 1627 cum

494 1667 684 1732 silere
716 1666 951 1752 coepit,
986 1665 1191 1732 finem
1223 1665 1420 1732 habet
1452 1680 1774 1732 cocturae.
1859 1685 1908 1747 3
1951 1679 2282 1752 praeterea
2313 1665 2583 1732 faenum
2619 1666 2971 1734 Graecum

494 1788 859 1839 maceratur
891 1773 960 1838 in
992 1773 1151 1838 uino
1183 1786 1404 1838 uetere
1437 1794 1555 1858 per
1587 1772 1905 1851 triduum,
1943 1772 2180 1838 deinde
2213 1773 2523 1839 eximitur
2554 1786 2621 1839 et
2654 1773 2724 1838 in
2761 1773 2971 1840 furno

488 1880 775 1945 siccatur
810 1879 917 1945 uel
953 1880 1023 1945 in
1060 1878 1217 1958 sole;
1256 1878 1458 1965 idque
1493 1900 1651 1945 cum
1687 1892 1786 1944 est
1822 1879 2083 1944 aridum
2118 1878 2388 1958 factum,
2429 1879 2719 1945 molitur.
2763 1903 2854 1946 ex
2890 1902 2968 1946 eo

495 1986 725 2053 molito
761 1999 912 2071 post
945 1985 1304 2051 sallituram
1340 1985 1542 2051 musti
1577 1985 1876 2051 cochlear
1911 1984 2322 2051 cumulatum
2355 1984 2464 2050 uel
2498 1984 2712 2051 simile
2749 2008 2966 2073 genus

494 2092 716 2179 poculi
751 2092 966 2171 huius,
1006 2092 1191 2178 quod
1225 2105 1325 2158 est
1360 2106 1592 2178 quarta
1626 2113 1777 2177 pars
1811 2091 2049 2177 cyathi,
2089 2091 2367 2158 adicitur
2402 2091 2472 2157 in
2507 2091 2698 2158 binas
2735 2115 2961 2158 urnas.

494 2199 754 2278 deinde,
786 2221 940 2265 cum
967 2199 1099 2265 iam
1125 2198 1412 2285 perfecte
1440 2212 1737 2265 mustum
1765 2197 2096 2264 deferbuit
2122 2212 2187 2263 et
2213 2198 2527 2277 constitit,
2559 2200 2961 2265 tantundem

493 2305 683 2392 gypsi
710 2304 888 2371 floris
915 2305 1288 2384 miscemus,
1320 2317 1646 2391 quantum
1673 2304 1824 2371 salis
1851 2304 2315 2384 adieceramus,
2345 2318 2544 2390 atque
2571 2304 2663 2370 ita
2688 2319 2960 2391 postero

493 2400 600 2478 die
625 2434 983 2498 purgamus
1009 2411 1262 2477 dolium
1285 2425 1352 2477 et
1375 2412 1702 2478 nutritum
1725 2411 1961 2476 uinum
1985 2411 2321 2497 operimus
2345 2424 2543 2497 atque
2567 2410 2952 2478 oblinimus.

580 2539 621 2601 4
658 2520 808 2585 Hac
844 2518 1190 2584 conditura
1221 2512 1590 2584 Columella
1625 2531 1899 2603 patruus
1935 2539 2143 2596 meus,
2181 2517 2476 2583 inlustris
2510 2517 2820 2603 agricola,
2861 2516 2956 2582 uti

492 2625 724 2691 solitus
765 2639 864 2691 est
905 2625 975 2690 in
1017 2624 1120 2690 his
1161 2624 1428 2703 fundiS,⁸
1453 2625 1523 2690 in
1568 2623 1811 2710 quibus
1853 2623 2174 2709 palustres
2214 2623 2443 2690 uineas
2484 2622 2794 2691 habebat.
2840 2622 2952 2689 sed

491 2732 691 2811 idem,
728 2754 883 2797 cum
916 2730 1153 2797 collina
1185 2731 1342 2797 uina
1373 2730 1743 2809 condiebat,
1782 2751 2024 2816 aquam
2057 2730 2294 2796 salsam
2327 2729 2667 2796 decoctam
2700 2729 2793 2796 ad
2825 2743 2951 2796 ter·

490 2839 615 2904 tias
641 2860 762 2924 pro
789 2838 920 2904 sale
948 2832 1287 2904 adiciebat.
1319 2860 1394 2903 ea
1421 2859 1618 2924 porro
1646 2836 1802 2903 facit
1827 2836 1968 2902 sine
1998 2836 2202 2902 dubio
2230 2836 2547 2902 maiorem
2573 2857 2948 2903 mensuram

492 2959 558 3011 et
588 2945 810 3011 odoris
843 2944 1149 3023 melioris,
1184 2944 1302 3010 sed
1334 2943 1702 3030 periculum
1733 2942 1951 3022 habet,
1987 2965 2071 3009 ne
2102 2942 2373 3009 uitietur
2403 2942 2661 3021 uinum,
2695 2944 2757 3008 si
2788 2940 2948 3008 male

490 3065 675 3118 cocta
695 3052 780 3117 sit
801 3074 991 3137 aqua;
1014 3050 1299 3117 sumitur
1318 3064 1541 3116 autem
1563 3050 1742 3129 haec,
1768 3063 1843 3114 ut
1864 3049 1996 3114 iam
2017 3048 2330 3127 dixeram,
2350 3070 2554 3134 quam
2575 3047 2945 3135 longissime

490 3157 574 3224 ab
611 3158 818 3238 litore;
854 3179 1010 3224 nam
1042 3157 1354 3243 liquidior
1387 3170 1453 3222 et
1485 3156 1714 3242 purior
1746 3169 1865 3235 est,
1904 3168 2229 3241 quantum
2261 3155 2488 3221 altiore
2522 3155 2688 3220 mari
2722 3154 2942 3220 hausta

490 3279 608 3330 est.
697 3284 743 3346 5
785 3287 931 3331 eam
952 3264 1008 3330 si
1032 3264 1200 3350 quis,
1226 3277 1300 3328 ut
1319 3262 1689 3329 Columella
1710 3261 2008 3340 faciebat,
2033 3275 2309 3348 reponat
2328 3275 2395 3327 et
2418 3275 2570 3348 post
2590 3260 2940 3327 triennium

490 3371 561 3438 in
597 3371 719 3437 alia
755 3393 911 3436 uasa
944 3370 1299 3457 eliquatam
1333 3366 1771 3462 transfundat,
1813 3368 2051 3434 deinde
2088 3381 2239 3454 post
2274 3368 2555 3434 alterum
2588 3366 2938 3435 triennium

491 3478 817 3564 decoquat
848 3500 1058 3564 usque
1093 3477 1177 3543 ad
1210 3490 1463 3562 partem
1496 3475 1777 3554 tertiam,
1815 3474 2006 3561 longe
2040 3474 2381 3541 meliorem
2414 3473 2688 3540 habebit
2720 3469 2935 3540 condi·

487 3597 704 3651 turam
746 3584 905 3664 uini,
948 3606 1071 3651 nec
1110 3583 1323 3649 ullum
1362 3581 1732 3668 periculum
1771 3581 1913 3660 erit,
1956 3603 2041 3647 ne
2079 3581 2237 3647 uina
2276 3580 2615 3646 uitientur.
2660 3580 2814 3646 satis
2849 3588 2935 3642 αῖ

487 3705 709 3757 autem
741 3692 1053 3758 sextarios
1084 3689 1377 3776 singulos
1408 3689 1664 3755 adicere
1697 3688 1899 3754 salsae
1930 3709 2139 3774 aquae
2171 3688 2242 3753 in
2272 3686 2461 3753 binas
2493 3687 2700 3753 musti
2731 3702 2931 3757 urnas,

489 3798 795 3884 quamuis
823 3769 1015 3864 multi
1042 3797 1241 3863 etiam
1268 3796 1461 3862 binos
1488 3795 1898 3873 inmisceant,
1929 3794 2233 3861 nonnulli
2259 3793 2460 3860 etiam
2486 3807 2714 3860 ternos
2740 3803 2930 3886 sexta·

488 3906 640 3984 rios,
674 3905 876 3991 idque
906 3927 1029 3991 ego
1059 3903 1271 3969 facere
1303 3924 1438 3968 non
1468 3923 1787 3980 recusem,
1821 3900 1878 3967 si
1907 3922 2116 3987 genus
2146 3900 2287 3966 uini
2316 3913 2577 3966 tantum
2608 3900 2838 3975 ualeat,
2867 3905 2931 3958 ut

486 4034 695 4099 aquae
729 4012 931 4078 salsae
964 4033 1100 4078 non
1134 4008 1547 4094 intellegatur
1580 4030 1794 4094 sapor.
1888 4009 1932 4070 6
1971 4007 2192 4093 itaque
2227 4006 2504 4092 diligens
2539 4019 2727 4092 pater
2756 3998 2927 4070 fami·

486 4117 627 4197 liae,
654 4140 809 4184 cum
831 4117 1157 4203 parauerit
1178 4113 1486 4193 fundum,
1511 4114 1735 4181 statim
1757 4113 1971 4199 prima
1991 4111 2328 4178 uindemia
2348 4126 2482 4178 tres
2503 4125 2618 4178 aut
2640 4122 2929 4199 quattuor

486 4293 710 4347 frutizs
742 4320 781 4330 -
816 4290 1438 4357 sadimjaddinuho
1470 4317 1510 4327 -
1542 4287 2332 4355 si(anoemusmm)ARsitS
2365 4314 2405 4325 -
2438 4286 2773 4352 ornamus
2804 4309 2840 4320 -
2874 4292 2925 4331 ¹²

485 4381 780 4434 defer-uerit
805 4380 846 4434 S
879 4408 918 4418 -
959 4396 1018 4445 13
1047 4379 1351 4433 semuntiae
1374 4378 1438 4432 8¹
1472 4406 1511 4416 -
1544 4379 1741 4444 planae
1767 4376 1930 4444 ΒἺλρ
1965 4404 2004 4415 -
2044 4393 2110 4441 ¹4
2133 4377 2291 4430 urcio
2314 4376 2377 4430 8ι
2413 4403 2453 4414 -
2492 4392 2553 4441 ις
2581 4387 2708 4429 tum
2729 4375 2769 4428 S
2798 4397 2836 4409 -·
2869 4379 2920 4429 ¹7

485 4467 714 4523 foenum
750 4468 988 4534 ΑΙιλῖγς
1021 4495 1061 4505 -
1101 4469 1164 4521 18
1201 4479 1539 4521 maceratum
1574 4467 1615 4521 S
1648 4494 1688 4505 -
1721 4467 1936 4520 tridum
1971 4465 2012 4519 S
2045 4493 2085 4504 -
2119 4482 2190 4519 κο
2227 4465 2408 4519 simile
2444 4465 2548 4518 AR
2585 4466 2695 4518 sim
2728 4464 2768 4517 8
2799 4486 2835 4497 ··
2865 4470 2917 4509 ²¹

487 4573 647 4608 “uuus
679 4565 715 4609 5
757 4589 784 4593 -
827 4561 975 4621 ηιμ-τι]
1015 4561 1171 4609 Fas.
1211 4561 1299 4621 qui
1336 4561 1475 4609 SAR
1520 4586 1543 4593 =
1588 4561 1792 4621 quiam&
1828 4558 1864 4609 S
1904 4585 1935 4593 ν
1976 4573 2036 4621 23
2076 4557 2440 4605 adite-:tamus
2475 4569 2550 4621 γς
2580 4557 2912 4607 mmmmm
