3109 5559
403 208 487 275 72
619 190 697 255 L.
734 190 886 256 Iuni
917 190 1252 257 Moderati
1283 190 1687 258 Columellae

405 389 835 434 nummorum
867 366 1293 435 contrahitur.
1330 369 1447 435 sed
1478 383 1545 436 et
1580 369 1747 436 Cato
1781 369 1961 436 dicit:
2001 375 2204 449 <n>ec
2236 368 2330 436 sic
2363 369 2639 456 quidem
2672 391 2785 454 qu
2796 369 2921 435 id-

409 495 611 559 quam
656 474 967 561 ponderis
1011 489 1123 541 aut
1169 497 1512 541 mensurae
1559 475 1705 542 oleo
1749 476 2020 555 accedit,
2068 476 2123 541 si
2169 477 2544 562 portionem
2586 476 2773 541 uelis
2834 477 2919 542 in

406 580 656 646 factum
680 581 968 647 adiectae
994 581 1191 647 bacae
1216 596 1596 669 conputare.
1628 596 2029 669 quapropter
2053 583 2356 649 dubitare
2382 605 2518 649 non
2546 582 2923 648 debemus

263 716 359 765 145
409 686 644 753 lectam
669 687 915 754 oliuam
941 687 1157 774 primo
1183 710 1451 775 quoque
1477 703 1777 775 tempore
1802 688 2177 756 conmolere
2203 689 2517 776 preloque
2545 689 2915 755 subicere.

410 935 526 1000 De
555 933 834 1000 cibario
864 935 1029 1001 oleo
1058 933 1517 1002 conficiendo

495 1114 578 1159 21
625 1094 769 1159 Nec
807 1094 1038 1180 ignoro
1077 1094 1276 1161 etiam
1315 1095 1637 1161 cibarium
1675 1095 1897 1161 oleum
1936 1118 2077 1162 esse
2116 1095 2516 1174 faciendum3
2558 1118 2723 1161 nam
2772 1096 2917 1161 ubi

408 1199 516 1265 uel
556 1222 745 1266 exesa
782 1200 1162 1266 uermiculis
1201 1201 1378 1267 oliua
1417 1201 1680 1280 decidit,
1724 1201 1831 1267 uel
1870 1201 2374 1288 tempestatibus
2411 1215 2478 1268 et
2517 1201 2782 1288 pluuiis
2829 1203 2913 1267 in

409 1306 627 1372 lutum
662 1306 953 1387 defluxit,
992 1307 1076 1373 ad
1111 1307 1513 1393 praesidium
1546 1330 1754 1394 aquae
1788 1308 2034 1374 calidae
2070 1307 2461 1387 decurritur;
2497 1329 2912 1393 aeriumque

265 1442 365 1491 150
408 1411 687 1479 calefieri
711 1412 927 1492 debet,
953 1427 1027 1479 ut
1049 1414 1408 1480 inmundae
1432 1413 1629 1480 bacae
1651 1414 1975 1493 eluantur;
1999 1414 2118 1480 sed
2139 1414 2209 1480 id
2232 1437 2367 1481 non
2389 1413 2913 1480 feruentissima

409 1517 548 1585 fieri
583 1533 843 1606 oportet
874 1542 1110 1585 uerum
1143 1520 1402 1586 modice
1434 1520 1663 1599 calida,
1700 1542 1834 1606 quo
1867 1520 2280 1587 commodior
2310 1534 2543 1606 gustus
2576 1519 2707 1586 olei
2746 1520 2905 1587 fiat:

410 1648 565 1691 nam
600 1626 654 1691 si
690 1640 997 1692 excoctus
1032 1641 1151 1705 est,
1189 1627 1389 1692 etiam
1422 1626 1941 1693 uermiculorum
1975 1641 2472 1713 ceterarumque
2506 1626 2905 1692 immundi·

408 1731 651 1799 tiarum
696 1754 999 1819 saporem
1043 1732 1262 1799 trahit.
1313 1733 1430 1799 sed
1476 1755 1633 1799 cum
1678 1731 1877 1800 fuerit
1922 1733 2099 1799 oliua
2143 1733 2333 1813 elota,
2384 1733 2654 1819 reliqua,
2708 1733 2907 1800 sicut

411 1860 611 1924 supra
662 1839 1135 1925 praecepimus,
1191 1838 1334 1906 fieri
1388 1839 1747 1906 debebunt.
1840 1860 1923 1907 22
1966 1838 2141 1906 fiscis
2193 1854 2417 1906 autem
2469 1862 2605 1905 non
2660 1839 2902 1905 isdem

268 1974 362 2023 155
411 1945 700 2031 probum
732 1958 797 2011 et
831 1944 1152 2011 cibarium
1185 1945 1408 2012 oleum
1441 1945 1653 2032 premi
1687 1945 2037 2034 oportebit:
2076 1968 2230 2012 nam
2264 1961 2520 2013 ueteres
2552 1945 2638 2011 ad
2671 1947 2901 2012 cadu-

412 2073 559 2117 cam
606 2051 870 2130 oliuam,
923 2052 1081 2118 noui
1130 2067 1352 2119 autem
1398 2052 1730 2119 ordinario
1778 2052 1986 2139 aptari
2033 2052 2201 2131 oleo,
2254 2073 2668 2139 semperque,
2724 2075 2899 2119 cum

411 2159 847 2244 expresserint
873 2157 1063 2237 facta,
1093 2159 1316 2225 statim
1343 2159 1828 2225 feruentissima
1854 2158 2100 2225 debent
2127 2180 2299 2245 aqua
2324 2158 2428 2224 bis
2454 2172 2567 2224 aut
2594 2173 2696 2224 ter
2723 2158 2895 2238 elui,

414 2264 673 2343 deinde,
735 2264 790 2330 si
848 2263 933 2330 sit
991 2264 1345 2351 profluens,
1407 2265 1710 2351 inpositis
1770 2264 2119 2352 lapidibuS,
2180 2279 2257 2332 ut
2315 2264 2608 2352 pondere
2667 2266 2895 2350 pressi

414 2371 848 2450 detineantur,
887 2370 1185 2457 inmergi,
1226 2371 1353 2451 uel,
1391 2370 1447 2436 si
1483 2392 1606 2438 nec
1639 2371 1892 2437 flumen
1926 2385 2045 2451 est,
2084 2371 2154 2436 in
2190 2371 2336 2438 lacu
2371 2384 2485 2437 aut
2521 2371 2591 2436 in
2627 2372 2895 2457 piscina

270 2491 372 2544 160
415 2499 617 2564 quam
671 2476 1057 2564 purissimae
1110 2499 1317 2563 aquae
1370 2477 1684 2543 macerari
1736 2492 1803 2543 et
1855 2492 2083 2564 postea
2133 2477 2338 2564 uirgis
2391 2475 2748 2555 uerberari,
2809 2492 2893 2544 ut

413 2583 643 2650 sordes
672 2582 1017 2669 faecesque
1050 2583 1376 2662 dedicant,
1410 2598 1476 2650 et
1506 2583 1748 2650 iterum
1778 2584 1910 2650 elui
1940 2583 2320 2671 siccarique.

268 2842 366 2921 53
410 2830 575 2898 Olei
604 2830 926 2918 gleucini
955 2830 1399 2917 compositio

501 3012 540 3054 r
587 2991 911 3066 Quamuis
961 3014 1097 3057 non
1147 3005 1284 3057 erat
1333 2990 1531 3056 huius
1581 2991 1901 3078 temporis
1950 2990 2077 3057 olei
2125 2990 2410 3077 gleucini
2460 2992 2883 3078 compositio,

413 3112 636 3164 tamen
666 3096 821 3164 huic
851 3097 1020 3184 parti
1050 3096 1409 3163 uoluminis
1439 3112 1768 3164 reseruata
1795 3111 1914 3177 est,
1949 3120 2031 3163 ne
2063 3119 2299 3184 parum
2328 3112 2708 3185 opportune
2738 3099 2883 3165 uini

414 3203 906 3271 conditionibus
942 3203 1487 3289 interponeretur.
1527 3202 1651 3270 hac
1686 3218 1907 3270 autem
1944 3203 2193 3271 ratione
2228 3204 2467 3271 confici
2503 3204 2723 3272 debet:
2763 3227 2882 3271 uas

339 3341 369 3390 5
415 3310 627 3377 oleate
660 3332 863 3396 quam
892 3309 1257 3375 maximum
1288 3324 1353 3376 et
1385 3323 1498 3376 aut
1529 3332 1784 3376 nouum
1815 3323 1928 3375 aut
1960 3325 2135 3377 certe
2167 3310 2337 3376 bene
2368 3310 2659 3376 solidum
2692 3332 2879 3397 prae-

414 3417 626 3504 parari
653 3430 932 3503 oportet,
964 3416 1202 3482 deinde
1230 3438 1347 3502 per
1373 3416 1781 3482 uindemiam
1808 3417 2010 3482 musti
2038 3438 2241 3504 quam
2266 3417 2503 3503 optimi
2529 3418 2788 3502 generis
2814 3433 2879 3484 et

416 3545 618 3611 quam
644 3522 1074 3589 recentissimi
1100 3522 1411 3589 sextarios
1439 3540 1523 3587 Lx
1549 3544 1706 3589 cum
1732 3521 1858 3588 olei
1886 3523 2112 3609 pondo
2140 3541 2311 3588 Lxxx
2336 3523 2407 3588 in
2434 3522 2504 3589 id
2530 3522 2874 3604 confundi,

412 3644 561 3697 tum
598 3643 888 3695 aromata
926 3652 1061 3696 non
1101 3629 1399 3709 cribrata,
1440 3629 1559 3695 sed
1600 3652 1683 3695 ne
1722 3628 1977 3696 minute
2008 3629 2281 3716 quidem
2312 3643 2608 3708 contusa,
2641 3652 2877 3697 uerum

487 3837 575 3890 53:
601 3822 740 3875 Plin.
768 3832 879 3874 nar.
907 3832 1066 3886 15,29

415 4016 545 4053 nem
567 4000 656 4052 alii
678 3999 821 4052 SAR
855 4026 892 4036 -
934 4016 1033 4064 ¹42
1055 4016 1157 4052 nec
1177 3999 1332 4052 Pont.
1359 4011 1414 4051 et
1435 3998 1580 4053 SAR
1614 4026 1652 4036 -
1686 3999 1956 4064 quiquam
1975 3998 2068 4052 SA
2100 4025 2138 4035 —
2179 4015 2275 4064 145
2301 3998 2602 4064 proeloque
2622 3999 2663 4051 8
2699 4026 2736 4036 -
2777 4003 2870 4064 146

409 4099 494 4154 pr.
533 4088 774 4154 SAhryc
807 4115 845 4125 -
880 4089 1097 4142 cebario
1132 4088 1185 4140 A
1217 4115 1254 4125 -
1296 4089 1395 4153 148
1431 4089 1521 4141 uel
1559 4088 1705 4152 (ante
1737 4088 1920 4151 exesa)
1957 4105 2056 4140 om.
2093 4088 2198 4140 AR
2230 4114 2269 4124 -
2304 4104 2490 4140 exaesa
2524 4088 2662 4140 S¹A¹
2699 4115 2736 4125 -
2777 4105 2869 4154 ¹49

415 4178 600 4230 caldae
627 4177 691 4230 Β*
718 4195 819 4230 ras.
851 4176 915 4230 S¹
949 4204 987 4214 -
1021 4178 1374 4242 ahenumque
1400 4176 1676 4243 A’hjmry
1710 4204 1747 4213 -
1788 4193 1881 4242 151
1915 4188 2104 4230 custus
2132 4177 2195 4229 S¹
2229 4203 2269 4213 -
2310 4193 2408 4241 152
2438 4177 2867 4232 immundiarum

414 4266 552 4321 8¹A¹
584 4266 1070 4319 immundiciarum
1102 4265 1250 4332 S²by
1283 4293 1320 4303 -
1362 4282 1463 4331 154
1493 4266 1909 4331 praecoepimus
1941 4266 1994 4318 A
2026 4292 2064 4302 -
2107 4266 2205 4331 158
2238 4266 2562 4330 profuluens
2594 4266 2657 4319 S¹
2694 4293 2732 4302 -
2774 4270 2860 4320 161

413 4357 734 4421 siccariique
766 4356 828 4407 S¹

483 4459 571 4512 532
613 4463 634 4498 1
659 4455 743 4510 pr.
771 4444 1012 4509 SAhryc
1047 4471 1084 4480 -
1121 4460 1150 4508 3
1178 4455 1449 4509 oportune
1472 4442 1653 4496 Ahzo
1685 4470 1723 4480 -
1759 4443 1927 4496 uicini
1952 4442 2089 4507 (-nis
2106 4442 2156 4508 j)
2180 4443 2285 4495 AR
2317 4470 2355 4480 -
2390 4460 2427 4508 4
2448 4443 2864 4498 condicionibus

412 4534 464 4587 A
499 4561 536 4570 -
574 4550 602 4599 5
645 4536 763 4587 olea
801 4534 906 4586 AR
937 4559 976 4571 -
1012 4547 1045 4598 7
1087 4534 1473 4586 recentissimis
1511 4533 1574 4585 8ι
1608 4559 1647 4569 -
1682 4532 1951 4585 confundi
1988 4544 2110 4585 tum
2149 4533 2241 4585 SA
2276 4532 2637 4586 confunditur
2673 4532 2726 4584 R
2763 4559 2798 4570 -
2833 4535 2862 4586 8

3084 3197 3096 3622 Ξ

3080 3641 3095 4198 ἐ

3076 4233 3096 4870 ἱ
