3109 5559
1913 222 2034 288 Rei
2063 222 2341 289 rusticae
2371 222 2485 289 lib.

680 400 862 466 iam
899 397 1173 465 insolata
1198 412 1298 465 est
1326 420 1448 465 nec
1475 399 1641 465 roris
1670 399 2027 486 quicquam
2054 398 2273 480 habet,
2303 399 2426 466 uiti
2455 400 2499 466 d

586 538 628 574 0
683 507 777 573 in
824 504 1145 592 proximo
1181 505 1549 572 decumano
1584 504 1718 586 fiat,
1755 520 1830 573 ut
1865 506 1978 592 pix
2012 505 2282 586 ferueat‚
2320 506 2391 572 in
2426 529 2501 593 qt

683 611 964 680 statim
993 611 1442 678 demittantur.

686 859 969 928 Aliter

801 1020 910 1086 In
943 1019 1196 1085 dolium
1228 1019 1398 1086 bene
1430 1020 1723 1106 picatum
1757 1019 2001 1086 defruti
2031 1020 2418 1107 amphoram
2441 1042 2506 1087 cc

685 1147 966 1195 uersos
1018 1125 1227 1192 fustes
1279 1126 1486 1212 spisse
1536 1140 1765 1206 artato,
1809 1126 1898 1192 ita
1937 1140 2013 1193 ut
2054 1126 2392 1193 defrutum
2432 1150 2508 1194 nc

587 1266 636 1315 ,5
692 1232 1174 1321 superponito
1217 1231 1450 1299 fictiles
1492 1255 1747 1299 nouuas
1790 1233 2044 1319 patinas
2087 1247 2153 1300 ct
2196 1233 2299 1299 his
2341 1233 2434 1299 sic
2477 1256 2510 1299 u

695 1342 944 1408 altera
967 1338 1235 1405 alteram
1261 1361 1398 1406 non
1421 1340 1779 1426 contingat;
1805 1353 1950 1406 tum
1976 1339 2282 1426 opercula
2306 1340 2510 1426 patini

695 1445 981 1515 deinde
1004 1445 1282 1512 alterum
1306 1445 1675 1513 tabulatum
1699 1460 1765 1513 et
1787 1446 2077 1526 tertium,
2104 1459 2170 1512 et
2194 1447 2513 1532 quamdiu

696 1551 921 1631 dolii,
969 1551 1268 1618 similiter
1311 1574 1510 1639 super
1553 1552 1860 1619 instruito
1904 1566 1970 1619 et
2013 1552 2243 1619 eadem
2288 1553 2512 1619 ration«

697 1658 980 1728 deinde
1006 1658 1298 1744 picatum
1325 1658 1713 1745 operculum
1739 1658 1899 1725 dolii
1926 1657 2188 1725 defruto
2214 1659 2388 1746 large
2415 1659 2513 1725 lin

586 1799 645 1837 ιο
703 1768 850 1852 [in]
924 1765 1143 1831 cincre
1199 1779 1527 1851 opturato.
1611 1785 1660 1848 3
1704 1765 2007 1832 nonnulli
2062 1766 2316 1832 adiecto
2374 1765 2514 1832 dcfr

696 1890 1143 1940 transuersas
1176 1871 1455 1958 perticas
1487 1885 1696 1938 artare
1729 1886 1795 1939 et
1827 1894 1908 1938 ex
1940 1871 2044 1938 his
2076 1894 2241 1938 uuas
2274 1872 2364 1939 ita
2396 1894 2516 1958 sus]

697 1996 877 2047 tum
915 1977 1321 2063 contingant,
1358 1978 1598 2044 deinde
1628 1978 2014 2065 operculum
2045 1978 2408 2066 inpositum
2439 1978 2518 2045 ob

706 2210 972 2277 Aliter

802 2368 1117 2445 Quidam
1150 2390 1315 2435 uuas
1349 2390 1504 2435 cum
1539 2369 1650 2450 ita,
1690 2383 1766 2436 ut
1799 2390 1998 2455 supra
2032 2368 2188 2449 dixi,
2225 2369 2521 2455 legerunt

586 2507 652 2555 25
705 2478 874 2565 pice
915 2475 990 2541 in
1022 2475 1160 2541 sole
1193 2475 1461 2555 siccant;
1498 2476 1758 2555 deinde,
1794 2497 1951 2542 cum
1983 2497 2059 2542 ea
2093 2475 2164 2541 in
2195 2475 2432 2542 umbra
2466 2497 2523 2541 re

709 2581 920 2650 fures
949 2581 1349 2648 hordeaceos
1375 2581 1670 2649 adiciunt
1696 2595 1762 2648 et
1788 2604 1955 2648 uuas
1980 2582 2070 2648 ita
2096 2603 2526 2668 superponun

709 2713 865 2757 non
896 2670 1316 2774 comprimat.
1346 2702 1492 2755 tum
1519 2689 1776 2776 generis
1801 2688 2098 2755 eiusdem
2124 2687 2414 2754 furfures
2439 2688 2526 2754 inl

707 2796 1110 2864 tabulatum
1156 2816 1440 2861 uuarum
1487 2795 1724 2861 eodem
1770 2795 1973 2862 modo
2021 2794 2361 2874 collocant,
2412 2794 2526 2881 idq

710 2904 898 2970 dum
945 2900 1201 2967 dolium
1243 2901 1507 2968 alternis
1547 2900 1917 2968 furfuribus
1957 2914 2023 2967 et
2063 2901 2214 2967 uuis
2254 2901 2526 2987 comple:

593 3039 667 3087 30
712 3008 1026 3097 inposita
1046 3006 1284 3088 linunt,
1308 3021 1374 3074 et
1395 3029 1561 3074 uuas
1581 3008 1941 3074 siccissimo
1962 3007 2520 3094 frigidissimoque

717 3240 971 3307 Aliter

810 3421 855 3482 4
905 3397 1203 3474 Quidam
1243 3398 1473 3465 eadem
1513 3398 1764 3465 ratione
1804 3398 1983 3464 arida
2024 3398 2353 3485 populnca
2393 3397 2501 3463 uel

716 3506 984 3571 uirides
1026 3526 1191 3570 uuas
1231 3505 1635 3585 custodiunt3
1679 3504 1981 3571 nonnulli
2023 3503 2196 3571 sicco
2237 3503 2397 3570 flore
2438 3526 2525 3591 gy

721 3634 899 3699 quas
946 3632 1087 3677 non
1126 3610 1409 3677 nimium
1450 3625 1739 3678 maturas
1778 3611 2030 3678 uitibus
2072 3611 2510 3677 detraxerunt.

606 3744 671 3793 35
719 3741 962 3798 uuam,
996 3716 1052 3782 si
1080 3739 1213 3804 qua
1241 3731 1397 3784 sunt
1425 3717 1496 3783 in
1523 3740 1600 3784 ca
1627 3717 1864 3784 uitiosa
1891 3739 2110 3804 grana,
2143 3716 2484 3783 forficibus
2512 3740 2526 3782 a

722 3823 796 3890 in
833 3825 1083 3890 horreo
1118 3824 1554 3910 suspendunt,
1594 3824 1664 3889 in
1700 3846 1834 3911 quo
1869 3824 2164 3891 triticum
2201 3823 2492 3909 positum

722 3952 977 4017 rugosa
1009 3928 1165 3996 facit
1195 3930 1380 3997 acina
1409 3944 1473 3996 et
1507 3952 1713 4016 paene
1742 3945 1880 3997 tam
1911 3930 2147 4010 dulcia,
2183 3952 2384 4017 quam
2414 3943 2514 3996 est

722 4122 1089 4177 dimittantur
1123 4122 1228 4175 AR
1261 4149 1298 4160 -
1341 4139 1403 4176 ι2
1435 4133 1520 4187 pr.
1561 4121 1771 4188 SAhyq
1804 4150 1843 4160 -
1885 4140 1944 4187 13
1980 4123 2052 4176 be
2083 4123 2146 4176 Βι
2180 4149 2219 4159 -
2253 4134 2526 4175 transuere

722 4236 761 4246 -
804 4228 867 4276 15
895 4211 1119 4278 patinas
1140 4226 1174 4263 r
1194 4223 1419 4276 patenas
1441 4211 1586 4265 SAR
1618 4238 1657 4249 -
1698 4213 1761 4264 16
1784 4212 1997 4277 patenis
2018 4212 2123 4265 AR
2156 4238 2195 4248 -
2236 4212 2299 4264 18
2322 4212 2456 4264 dolii
2479 4211 2523 4263 h

726 4312 800 4365 99
835 4328 877 4338 -
911 4316 1088 4365 super
1113 4317 1211 4352 om.
1241 4289 1418 4353 AR‘-
1454 4317 1523 4354 2ο
1551 4301 1611 4353 in
1637 4300 1781 4354 SAR
1805 4318 1905 4353 om.
1934 4315 1971 4353 c
2005 4327 2043 4337 -
2079 4316 2141 4354 2ι
2176 4312 2361 4365 aptare
2387 4313 2500 4366 pyc

728 4389 964 4451 quidem
991 4389 1045 4441 Α
1077 4415 1116 4425 -
1151 4390 1220 4443 26
1245 4389 1538 4442 ordeaceos
1561 4403 1638 4456 py
1670 4416 1709 4426 -
1744 4390 1911 4442 altera
1934 4389 2101 4441 altera
2123 4389 2163 4442 S
2198 4416 2236 4426 -
2271 4403 2340 4454 27
2364 4405 2526 4453 comp

727 4493 828 4530 om.
869 4480 980 4532 AR
1016 4505 1055 4515 -
1090 4494 1153 4542 31
1186 4489 1272 4542 pr.
1299 4477 1509 4543 SAhyq
1543 4504 1581 4515 -
1618 4495 1685 4542 32
1711 4478 1973 4543 abiegnea
1994 4479 2177 4542 scripsi
2198 4477 2448 4543 abiegnis
2470 4477 2526 4529 SA

729 4568 890 4632 4,289
928 4595 967 4606 -
1008 4583 1075 4631 33
1107 4567 1387 4620 nonnullis
1408 4565 1672 4633 AfflM'py
1705 4594 1744 4604 -
1780 4584 1850 4633 34
1871 4567 2044 4620 nimio
2064 4567 2169 4620 AR
2201 4595 2240 4605 -
2277 4568 2345 4633 38
2361 4576 2448 4631 pr.
2472 4565 2526 4617 Sa
