3109 5559
545 209 625 273 94
1130 209 1185 253 1..
1222 208 1366 253 IVNI
1400 208 1750 254 MODERATI
1783 208 2223 255 COLvm-:LLAE

544 371 701 432 dum
735 371 800 432 in
833 390 1022 433 suurn
1055 371 1295 432 reuolet
1331 370 1741 433 domicilium.
1778 370 1874 431 sin
1909 378 2127 433 autem
2162 371 2414 432 duobus
2446 377 2560 432 aut
2593 371 2810 433 etiam

544 478 955 557 conpluribus
972 479 1150 539 uelut
1171 478 1472 540 uberibus
1491 477 1759 540 ductum
1779 477 1970 539 fuerit
1989 497 2279 549 examen,
2299 496 2380 538 ne
2395 477 2811 540 dubitaueris

544 590 608 645 et
650 584 850 664 pluris
890 604 1178 664 proceres
1218 590 1283 645 et
1326 585 1537 646 adhuc
1577 585 1776 646 iratos
1815 603 1970 656 esse,
2014 591 2211 665 atque
2251 585 2317 645 in
2358 584 2458 646 his
2497 585 2808 664 partibus

544 690 778 769 quibus
809 691 1088 752 maxime
1119 690 1354 753 uideris
1386 711 1539 772 apes
1570 690 1904 771 glomerari
1935 692 2250 770 requirere
2282 692 2477 752 duoae
2508 691 2802 753 debebis,

542 797 764 876 itaque
817 817 970 859 suco
1025 797 1499 877 praedictarum
1553 798 1917 868 herbarum,
1972 797 2041 858 id
2094 804 2192 859 est
2248 797 2634 877 melisphylli
2691 800 2805 859 uel
2827 808 2866 856 5

543 904 827 983 apiastri,
869 923 1067 965 manu
1106 904 1312 976 inlita,
1353 923 1433 965 ne
1472 904 1557 965 ad
1594 910 1846 966 tactum
1886 903 2251 983 diffugiant,
2292 904 2521 965 leuiter
2556 904 2806 966 inseres

543 1010 795 1089 digitos,
839 1017 904 1072 et
946 1011 1244 1072 diductas
1285 1030 1437 1090 apes
1476 1010 1879 1081 scrutaberis,
1924 1011 2126 1072 donec
2166 1018 2496 1073 auctorem
2537 1030 2800 1091 pugnae

543 1117 836 1196 reperias

430 1214 523 1275 10
624 1224 788 1285 Sunt
830 1230 1048 1285 autem
1088 1223 1156 1284 hi
1194 1242 1370 1303 reges
1407 1223 1679 1284 maiores
1717 1223 1911 1303 paulo
1950 1229 2014 1284 et
2055 1223 2312 1303 oblongi
2351 1224 2554 1302 magis
2592 1243 2800 1302 quam

541 1336 788 1391 ceterae
839 1350 1011 1410 apes,
1063 1329 1440 1391 rectioribus
1491 1330 1799 1400 cruribus,
1852 1330 1965 1390 sed
2014 1329 2227 1392 minus
2277 1330 2508 1409 amplis
2557 1329 2797 1409 pinniS,
2827 1341 2900 1376 10

541 1436 789 1516 pulchri
819 1436 1050 1498 coloris
1080 1443 1145 1498 et
1179 1436 1386 1507 nitidi,
1421 1437 1718 1515 leuesque
1751 1455 1825 1497 ac
1857 1436 1991 1497 sine
2022 1436 2172 1515 pilo,
2208 1436 2342 1497 sine
2374 1436 2636 1516 spiculo,
2672 1437 2802 1498 nisi

541 1542 685 1622 quis
734 1543 898 1604 forte
946 1543 1297 1623 pleniorem
1347 1543 1530 1622 quasi
1580 1542 1881 1622 capillum
1931 1561 2124 1621 quem
2170 1542 2238 1603 in
2288 1551 2512 1604 uentre
2561 1551 2798 1623 gerunt

541 1650 834 1710 aculeum
869 1655 1082 1729 putat,
1120 1668 1250 1729 quo
1283 1656 1347 1711 et
1385 1649 1524 1728 ipso
1557 1656 1777 1711 tamen
1814 1649 1898 1710 ad
1930 1649 2291 1710 nocendum
2326 1669 2454 1711 non
2489 1655 2796 1711 utuntur.

541 1755 806 1835 quidam
851 1756 1048 1817 etiam
1093 1755 1323 1817 infusci
1368 1762 1564 1835 atque
1610 1755 1841 1817 hirsuti
1885 1756 2306 1835 reperiuntur,
2353 1775 2629 1836 quorum
2675 1776 2799 1836 pro

542 1862 773 1924 habitu
803 1862 1141 1924 damnabis
1169 1862 1512 1942 ingenium.
2825 1875 2895 1922 15

480 2032 516 2077 2
625 2040 795 2082 nam
834 2022 981 2083 duo
1018 2028 1196 2083 sunt
1236 2041 1491 2101 regum
1531 2021 1789 2094 facies,
1831 2021 1978 2082 duo
2015 2040 2337 2101 corpora
2373 2021 2640 2101 plebis.

624 2129 823 2190 alter
859 2128 1004 2190 erit
1044 2128 1364 2190 maculis
1402 2147 1587 2189 auro
1625 2128 2167 2207 squalentibus
2205 2127 2481 2189 ardens

623 2241 695 2296 et
737 2235 997 2297 rutilis
1034 2236 1287 2297 clarus
1324 2234 1664 2314 squamis
1700 2234 2026 2315 insignis
2062 2241 2137 2296 et
2177 2254 2321 2296 ore.

609 2487 712 2549 5—8
744 2487 955 2538 Pallad.
991 2501 1039 2551 7,
1064 2501 1114 2551 7,
1136 2501 1168 2550 7
1367 2501 1505 2549 9-15
1539 2486 1753 2539 Pallad.
1788 2500 1837 2550 7.
1860 2501 1909 2551 7,
1933 2501 1994 2551 7,·
2025 2487 2104 2549 cfr
2147 2487 2315 2538 Varro
2343 2492 2474 2537 rust.
2507 2499 2559 2548 3,
2586 2486 2668 2543 16,
2692 2487 2794 2542 18.-

537 2576 687 2627 Ptin.
737 2581 848 2626 nat.
898 2591 983 2634 11,
1004 2588 1102 2638 51:
1145 2575 1367 2627 Aristot.
1403 2577 1523 2627 hist.
1560 2578 1729 2628 wion.
1764 2588 1815 2638 5,
1836 2588 1925 2633 21,
1958 2588 2062 2638 553
2083 2592 2117 2627 a
2146 2581 2195 2625 et
2226 2589 2276 2639 9,
2299 2589 2387 2639 40,
2409 2575 2514 2638 624
2533 2575 2593 2630 b:
2624 2575 2789 2640 Geop.

536 2677 621 2727 15,
645 2677 695 2723 2,
720 2665 785 2716 16
1010 2665 1179 2714 16-18
1225 2665 1371 2728 Verg.
1404 2679 1573 2729 georg.
1610 2677 1662 2727 4,
1682 2678 1750 2729 92
1772 2671 1812 2714 -ἱ-
1827 2677 1912 2729 95,
1935 2679 2022 2729 91,
2044 2677 2113 2729 93
2132 2671 2172 2714 ÷
2188 2677 2254 2728 9²

612 2892 634 2927 1
671 2882 864 2928 autem
894 2879 1116 2929 duobus
1148 2895 1250 2929 om.
1282 2874 1346 2935 iu
1525 2893 1553 2927 2
1589 2879 1825 2929 ductum
1854 2873 2007 2948 SAq)
2030 2879 2339 2930 deductum
2361 2874 2413 2928 R
2434 2878 2732 2928 diductum
2753 2886 2794 2935 β

536 3073 568 3120 4
601 3062 724 3107 ante
753 3056 959 3121 quibus
988 3058 1110 3107 add.
1142 3057 1199 3105 in
1233 3063 1283 3126 γ
1461 3057 1705 3106 maxime
1737 3071 1838 3105 om.
1870 3064 1923 3105 w
2113 3069 2144 3118 5
2177 3056 2461 3120 melisfylli
2491 3051 2554 3105 8¹
2588 3056 2792 3105 mellis·

534 3146 657 3209 fylli
703 3140 762 3194 8¹
809 3146 989 3195 mellis
1037 3146 1147 3195 filli
1194 3140 1359 3195 ΑΜ
1404 3145 1745 3209 mellisphilli
1785 3151 1950 3195 αωσ
1981 3145 2160 3193 mellis
2187 3145 2273 3193 fili
2302 3152 2334 3193 ο
2364 3145 2723 3209 mellisphylli
2751 3141 2795 3194 fi

536 3233 896 3298 mellisiphilli
928 3243 959 3284 ο
990 3234 1297 3298 melliphilli
1328 3229 1601 3303 dqinssqnv
1633 3234 1960 3297 melliphylli
1988 3242 2077 3282 oex
2107 3228 2460 3297 melliphylit
2492 3234 2746 3283 melliflui
2770 3229 2797 3283 i

536 3324 804 3387 mellipuli
834 3332 870 3380 p
924 3323 1021 3385 (cfr
1051 3337 1100 3386 9,
1122 3324 1175 3380 8,
1198 3324 1284 3385 13)
1506 3325 1540 3372 6
1570 3324 1642 3372 ad
1673 3324 1919 3385 tactum]
1974 3325 2259 3373 attactum
2288 3317 2347 3371 8¹
2390 3322 2463 3371 ad
2494 3326 2692 3374 actum
2722 3330 2794 3392 19

534 3416 862 3462 attanctum
894 3420 926 3461 ο
954 3413 1026 3461 ad
1057 3416 1277 3463 tectum
1307 3420 1336 3459 ι·
1512 3412 1781 3475 diffugiat
1810 3420 1846 3468 n
1876 3412 2186 3474 diffugiunt
2215 3419 2287 3480 φ
2466 3411 2689 3461 inheres
2718 3406 2790 3461 A¹

752 3515 781 3564 7
813 3501 1090 3551 deductas
1135 3494 1237 3550 AB.
1450 3515 1555 3565 ape
1585 3495 1644 3549 8¹
1861 3500 2203 3552 scrutaueris
2246 3495 2283 3549 8
2326 3500 2632 3551 sectaberis
2660 3501 2794 3569 ῳιῑ

749 3603 970 3654 pugnae
1004 3606 1106 3639 om.
1138 3585 1376 3659 umqum
1594 3589 1626 3637 8
1657 3590 1896 3652 reperies
1923 3584 2227 3657 {daquxffl

606 3680 761 3744 Quae
791 3680 867 3728 sit
900 3678 1081 3728 forma
1110 3680 1256 3742 regis
1285 3679 1480 3742 apium
1511 3679 1653 3728 rubr.
1678 3686 1714 3727 ο
1741 3678 1908 3742 Regis
1933 3692 2104 3742 apum
2127 3679 2310 3728 forma
2333 3685 2366 3734 q
2530 3691 2565 3737 9
2596 3682 2792 3728 autem

535 3784 636 3818 om,
671 3762 707 3817 b
919 3768 1091 3832 paulo
1137 3768 1374 3816 maiores
1416 3776 1452 3824 n
1673 3780 1737 3815 10
1767 3773 1955 3818 cetera
1985 3762 2037 3815 A
2250 3767 2451 3830 pennis
2481 3761 2574 3823 8⁸1²

540 3871 601 3919 13
633 3858 845 3918 tamen]
896 3863 1126 3906 tantum
1155 3852 1207 3906 R
1235 3856 1480 3922 plerique
1702 3869 1765 3919 14
1794 3856 1968 3907 infusi
1996 3865 2028 3904 Ι
2056 3856 2235 3907 infuci
2265 3852 2287 3904 i
2315 3855 2436 3905 insu
2469 3871 2590 3905 cum
2623 3856 2723 3905 lac.
2753 3852 2790 3905 ⁸

755 3959 817 4008 15
848 3946 1185 3995 damnabilis
1213 3940 1265 3993 A
1529 3947 1595 3994 16
1625 3946 1770 3994 duae
1812 3940 2054 4014 ὶαιὶγσβ
2321 3958 2384 4007 17
2415 3945 2559 3994 alter
2602 3946 2710 3995 erit
2736 3939 2792 3994 R

533 4035 726 4086 alterit
757 4030 809 4083 A
837 4035 980 4084 alter
1010 4050 1038 4083 r
1066 4030 1103 4084 8
1297 4033 1359 4082 18
1392 4035 1642 4099 squamis
1671 4035 1854 4085 clarus
1883 4034 2120 4098 insignis
2149 4029 2331 4090 oeoexvt
2357 4034 2594 4097 insignis
2623 4048 2788 4098 squa-

535 4126 641 4174 mis
670 4125 854 4175 clarus
884 4132 958 4192 qn

750 2981 780 3029 3
812 2969 892 3029 et]
929 2972 994 3018 ut
1027 2962 1130 3018 ωδ
1342 2968 1530 3033 plures
1561 2961 1719 3037 γῑωῃ
1933 2971 2090 3017 ratos
2119 2966 2250 3035 qux¹
2442 2968 2511 3016 iis
2539 2964 2613 3024 fin
3033 2271 3070 3546 Ἰ
