3109 5559
1619 310 1992 357 PRAEFATIO

761 491 818 553 9,
831 473 891 546 6,
909 491 939 534 1
988 472 1047 534 si
1092 478 1379 534 neutrum
1423 472 1619 534 aderit
1669 473 1822 554 (scil.
1871 492 2080 553 neque
2123 479 2345 535 cortex
2389 492 2598 553 neque

690 586 889 660 opere
937 579 1217 641 uitorio
1265 579 1633 641 salicibus
1672 585 2096 641 connectentur
2128 579 2285 660 (scil.
2319 579 2613 658 aluaria).

689 686 904 748 uitorio
928 685 1223 747 salicibus
1245 691 1684 747 connectuntur
1706 687 1928 758 tblrla,
1953 686 2224 766 opererio
2248 686 2534 748 salicibos
2556 705 2641 747 coa

689 793 746 865 S,
791 792 1104 873 operarios
1164 792 1469 873 (operario
1529 791 1723 872 akw1)
1771 792 1862 853 ali
1902 792 2064 854 cibos
2111 792 2429 873 (salicibus
2471 791 2578 872 ak)
2629 815 2641 853 α

686 905 892 964 tantur
926 899 1406 971 Aakw¹zmb²r¹,
1445 905 1623 979 opere
1659 899 1893 960 uitorio
1928 900 2223 961 salicibus
2259 906 2641 961 connectuntae

687 1006 805 1066 rios
829 1005 925 1066 ali
948 1005 1113 1067 cibos
1142 1005 1447 1085 (operario
1472 1005 1767 1067 salicibus
1790 1005 1856 1084 h)
1885 1005 2383 1086 con(n)ectuntur
2406 1006 2641 1088 hexyfy

763 1112 1023 1174 Codices
1055 1131 1217 1174 saec.
1257 1111 1380 1173 XV
1415 1112 1698 1173 familiae
1733 1112 1811 1184 R,
1848 1112 1959 1192 qui
1993 1132 2214 1174 omnes
2248 1119 2362 1175 aut
2397 1113 2641 1191 plurim·

685 1219 1071 1281 Columellae
1115 1219 1421 1280 tredecim
1467 1218 1653 1280 nobis
1697 1219 1971 1280 traditos
2015 1220 2370 1291 continent,
2417 1238 2618 1281 unum

685 1325 980 1404 draginta
1017 1324 1229 1387 adhuc
1267 1321 1590 1404 cognoui.1
1633 1326 1894 1387 Praeter
1930 1344 2038 1387 eos
2076 1345 2238 1406 quos
2278 1326 2347 1387 in
2385 1325 2593 1388 indice
2631 1345 2641 1386 ε

689 1432 772 1513 (p.
800 1447 946 1492 xvn
976 1430 1097 1511 sq.)
1141 1431 1531 1493 enumerabo
1562 1432 1679 1493 hos
1709 1438 1886 1504 noto,
1913 1451 2187 1512 quorum
2219 1431 2607 1494 uariationes
2637 1453 2641 1493 1

685 1545 831 1599 ratu
860 1537 1081 1600 critico
1108 1557 1239 1599 non
1269 1538 1473 1617 posui:

762 1644 1119 1717 Baltimore,
1153 1644 1409 1706 Walters
1436 1645 1554 1705 Art
1582 1644 1825 1724 Gallery
1849 1645 1971 1723 369
1998 1650 2255 1706 textum
2282 1645 2412 1706 fere
2437 1645 2641 1706 eunde

683 1752 883 1814 codex
907 1771 950 1812 n
973 1752 1261 1831 praebet.
1291 1751 1416 1813 Hic
1437 1751 1647 1812 solum
1671 1750 1919 1831 aliquot
1941 1751 2114 1812 locos
2135 1751 2279 1812 libri
2303 1750 2467 1812 VIII
2492 1758 2559 1813 et
2584 1751 2641 1811 Ι]

682 1858 793 1920 ubi
832 1858 1056 1919 eadem
1096 1858 1296 1919 uerba
1332 1857 1556 1919 uacuis
1594 1857 1821 1937 spatiis
1860 1857 2099 1920 relictis
2138 1857 2387 1920 codices
2427 1857 2556 1919 duo
2595 1878 2641 1920 o:

684 1965 912 2036 8,10,2
957 1963 1291 2036 munituna
1342 1981 1491 2042 10,4
1533 1980 1753 2035 unum:
1805 1981 1990 2042 14,11
2038 1964 2351 2037 creandas;
2400 1981 2571 2044 9,13,
2586 1977 2621 2042 5

686 2071 837 2147 13,8
879 2076 1166 2150 ponatur:
1215 2087 1404 2148 14,12
1446 2070 1666 2146 fastus.

763 2177 941 2238 Mus.
977 2177 1136 2238 Brit.
1171 2176 1454 2238 Arundel
1482 2177 1566 2237 81
1598 2176 1893 2255 proxima
1924 2177 2250 2240 affinitate
2281 2196 2429 2239 cum
2461 2177 2641 2239 codic

679 2291 927 2357 nectuS,
959 2284 1229 2345 fortasse
1257 2284 1674 2363 apographon
1701 2283 1897 2345 huius
1925 2283 2180 2345 codicis.
2211 2283 2529 2363 Exempla
2556 2303 2641 2345 m<

679 2390 1122 2453 communium
1156 2390 1360 2451 affero
1394 2390 1510 2451 has
1542 2389 1935 2452 omissiones:
1973 2389 2197 2463 8,16‚8
2230 2409 2357 2451 non
2389 2390 2641 2469 pessime

676 2496 900 2567 sedem:
952 2512 1048 2572 13,
1060 2513 1100 2572 3
1135 2501 1395 2557 secutus.

764 2602 940 2663 Mus.
962 2602 1122 2664 Brit.
1140 2602 1371 2663 Lansd.
1398 2603 1522 2678 833
1545 2602 1962 2682 (Lundstrbm
1991 2602 2052 2682 a)
2078 2609 2193 2665 aut
2221 2622 2301 2665 ex
2329 2602 2547 2664 codice
2574 2623 2633 2663 w

679 2716 791 2771 tus
824 2715 939 2771 aut
973 2727 1123 2770 cum
1154 2727 1231 2770 eo
1262 2708 1587 2770 artissimo
1618 2727 1789 2770 nexu
1822 2709 2202 2771 coniunctus
2234 2715 2351 2771 est.
2390 2709 2532 2770 Hae
2564 2728 2641 2770 on

678 2815 853 2878 inter
897 2815 1057 2877 alias
1103 2814 1430 2877 codicibus
1478 2835 1537 2875 w
1583 2820 1650 2877 et
1698 2815 1738 2875 a
1783 2835 2155 2877 communes
2185 2821 2357 2877 sunt:
2392 2831 2565 2894 7,13,
2584 2833 2614 2876 1

678 2922 915 3002 quod..
933 2921 1261 2983 linendae
1285 2926 1464 2990 sunt:
1489 2921 1547 2993 8,
1563 2937 1621 2997 3,
1635 2922 1673 2983 8
1698 2940 1885 3000 eaque
1907 2922 2366 2983 mundissima.
2386 2926 2641 3001 ..puraae

676 3028 837 3105 5,18
859 3028 1083 3089 teneris
1107 3027 1402 3107 euagari.
1420 3028 1819 3089 ..hordeacea
1842 3028 2155 3108 pascendi.

763 3133 1103 3195 Parisinus
1146 3134 1282 3195 Lat.
1329 3134 1493 3210 6830
1534 3134 1593 3195 Β
1641 3134 2055 3214 (Lundstrbm
2099 3134 2160 3213 ὃ)
2209 3153 2356 3196 cum
2399 3133 2641 3196 codicib

676 3260 835 3303 cum
865 3240 1047 3320 signo
1076 3261 1130 3303 ω
1164 3240 1390 3302 notaui
1422 3241 1714 3320 proxime
1746 3241 2063 3313 cohaeret,
2098 3241 2167 3302 in
2200 3240 2421 3321 primis
2453 3260 2641 3303 cum

675 3346 797 3427 qui
827 3346 1040 3408 minus
1070 3346 1598 3409 emendationum
1630 3353 1697 3409 et
1728 3347 2234 3426 corruptelarum
2266 3347 2483 3410 habet.

763 3453 1211 3533 Napolitanus,
1251 3453 1415 3515 Bibl.
1456 3453 1608 3515 Nat.
1659 3454 1816 3514 V.A.
1821 3468 1862 3531 5
1899 3454 2433 3533 subscriptionem
2472 3454 2637 3515 habe

675 3566 979 3640 apparet,
1025 3566 1102 3622 ut
1143 3560 1273 3622 iam
1320 3560 1651 3622 Haussner
1693 3579 1796 3639 op.
1842 3560 2015 3621 laud.
2063 3579 2124 3639 p.
2174 3578 2248 3623 21
2294 3560 2482 3633 uidit,
2527 3560 2641 3622 cod

766 3776 788 3807 ¹
824 3777 1055 3827 Codices
1079 3792 1220 3827 saec.
1253 3778 1361 3827 XV
1383 3778 1483 3843 qui
1506 3778 1653 3827 inter
1676 3778 1787 3828 alia
1810 3779 2102 3828 continent
2126 3781 2389 3842 excerpta
2411 3778 2641 3828 librorux

674 3865 772 3915 XI
804 3879 947 3930 quos
977 3867 1215 3930 cognoui
1245 3867 1304 3916 hi
1334 3870 1484 3916 sunt:
1521 3866 1876 3916 Scorialensis
1901 3882 1951 3916 a.
1978 3868 2010 3915 Ι
2024 3867 2084 3925 V,
2112 3867 2209 3922 26:
2234 3866 2573 3924 oxoniensis,
2603 3868 2641 3915 15

673 3954 894 4004 Canon.
935 3955 1085 4004 misc.
1128 3970 1211 4019 77:
1261 3955 1530 4014 Senensis,
1569 3956 1713 4006 Bibl.
1749 3971 1934 4006 comm.
1972 3956 2018 4004 L
2054 3956 2163 4013 IX,
2203 3968 2271 4018 24
2312 3954 2386 4020 (u.
2427 3956 2641 4005 Lundst

669 4042 1329 4109 Columella-Excerptor
1371 4058 1472 4093 aus
1521 4044 1650 4094 dem
1705 4058 1784 4107 15.
1824 4044 2037 4109 Jahrb..
2091 4044 2350 4109 Vpsaliae
2405 4044 2578 4107 1894);

671 4133 776 4181 lat.
813 4131 974 4181 8068.
1025 4132 1166 4182 Cum
1201 4133 1405 4183 nullius
1435 4133 1602 4197 pretii
1635 4133 1750 4182 sint
1783 4133 1854 4182 ad
1892 4136 2114 4182 textum
2152 4133 2624 4191 constituendum,

672 4220 871 4270 uarias
914 4234 1106 4271 eorum
1140 4222 1198 4271 in
1233 4225 1574 4286 apparatum
1605 4221 1859 4271 criticum
1886 4236 2000 4271 non
2027 4221 2212 4270 attuli.
