3109 5559
1297 270 1349 311 L.
1402 269 1525 311 lel
1575 267 1899 310 uoDERATl
1948 267 2357 311 (OLx'm-:LLAE

662 433 834 492 coris
899 448 1050 508 pars
1097 428 1159 488 in
1210 438 1396 507 prata
1455 428 1803 508 egerenda,
1868 447 2019 506 pars
2075 427 2238 489 oleis
2304 439 2369 487 et
2441 428 2675 488 ceteris
2723 429 2941 488 arbo-

664 537 838 597 ribus
889 536 1348 616 inspargenda,
1420 536 1577 615 quin
1634 535 1831 595 etiam
1880 535 2167 595 uinearia
2213 532 2562 614 diligenter
2608 533 2936 595 facienda

569 662 640 708 io
664 640 1130 722 malleolusque
1201 662 1396 721 quam
1469 642 1907 702 curiosissime
1981 640 2388 721 pangenduS.
2487 641 2775 721 populos
2857 657 2931 703 et

662 748 894 810 salices
938 760 1005 809 et
1054 747 1360 818 fraxinoS,
1411 749 1590 828 prius
1637 767 1830 827 quam
1881 747 2245 819 (tondeant,
2283 747 2674 828 plantasque
2706 748 2930 809 ulmo·

662 876 798 916 rum
849 875 1021 916 nunc
1068 875 1314 935 ponere
1362 855 1519 916 utile
1565 868 1683 928 est,
1734 866 1886 916 ante
1921 867 2137 916 autem
2170 866 2350 916 satas
2381 875 2553 916 nunc
2584 868 2929 935 exputare
2952 889 2992 932 5

660 973 724 1023 et
783 960 1255 1023 circumfodere
1315 981 1391 1023 ac
1448 982 1739 1023 summas
1783 981 2004 1023 earum
2054 962 2338 1023 affitiuas
2386 961 2638 1024 radices
2681 983 2926 1043 ampu-

659 1082 814 1130 tare.
898 1081 1224 1131 sarmenta
1270 1090 1308 1131 e
1358 1071 1564 1130 uineis
1635 1070 1922 1130 nondum
1990 1068 2181 1130 fossis
2237 1082 2434 1150 atque
2500 1071 2785 1131 arbustis
2849 1086 2924 1131 et

659 1177 994 1255 segetibus
1018 1196 1235 1238 ramos
1259 1189 1370 1238 aut
1395 1177 1613 1250 rubos,
1644 1175 1950 1256 quicquid
1976 1176 2259 1256 denique
2285 1179 2506 1238 iacens
2533 1176 2719 1238 facile
2748 1176 2924 1239 fodi·

658 1294 876 1344 entem
933 1284 1035 1344 uel
1096 1283 1225 1344 alio
1285 1302 1525 1363 genere
1581 1295 1816 1344 terram
1887 1281 2264 1344 molientem
2321 1296 2540 1362 potest
2588 1284 2919 1363 inpedire,

662 1409 831 1450 nunc
886 1409 1153 1470 egerere
1199 1401 1265 1451 et
1313 1391 1395 1451 ad
1444 1409 1671 1469 sepem
1718 1388 2051 1469 adplicare
2096 1401 2378 1469 oportet,
2437 1392 2680 1451 rosaria
2730 1411 2918 1452 noua
2952 1423 3025 1452 ιο

660 1516 1002 1557 conserere
1049 1496 1152 1557 uel
1203 1498 1470 1576 antiqua
1518 1517 1763 1569 curare,
1823 1496 2254 1558 harundineta
2300 1517 2471 1558 nunc
2521 1516 2769 1578 ponere
2800 1498 2917 1559 uel

659 1605 853 1664 etiam
904 1605 1175 1683 pristina
1222 1603 1455 1675 colere,
1512 1603 1740 1665 salicta
1814 1602 2027 1664 facere
2096 1603 2200 1664 uel
2247 1604 2582 1683 deputare,
2634 1624 2918 1666 runcare

659 1730 736 1771 ac
802 1710 1042 1784 fodere,
1116 1713 1437 1791 genistam
1508 1711 1759 1772 semine
1820 1710 1919 1771 uel
1970 1709 2209 1790 plantis
2269 1712 2330 1771 in
2400 1712 2735 1802 pastinato
2799 1713 2915 1773 uel

556 1832 640 1878 20
659 1819 855 1879 etiam
903 1818 1085 1878 sulco
1132 1818 1485 1897 deponere.
1569 1819 2047 1878 trimenstrunm
2095 1837 2358 1897 quoque
2404 1819 2575 1879 satio
2623 1838 2755 1879 non
2804 1832 2915 1880 est

659 1923 869 1986 aliena
917 1924 1064 1985 huic
1114 1926 1410 2003 tempori,
1461 1925 1759 2004 quamuis
1804 1925 2047 2003 tepidis
2095 1924 2470 2004 regionibus
2516 1925 2747 1986 melius
2794 1927 2915 1986 ad·
2946 1953 2962 1983 ι
2974 1953 3010 1996 5

662 2032 1055 2092 ministretur
1102 2051 1217 2111 per
1265 2051 1553 2092 mensem
1606 2031 1987 2092 Ianuarium.

662 2243 753 2305 Id.
793 2244 979 2306 Febr.
1011 2244 1397 2325 Sagittarius
1429 2264 1704 2324 uespere
1735 2245 1992 2319 occidit,
2028 2245 2451 2306 uehementer
2478 2246 2745 2308 hiemat.

660 2370 763 2411 xvi
813 2350 959 2413 Kal.
1013 2352 1198 2413 Mart.
1251 2371 1524 2431 uespere
1572 2350 1800 2413 Crater
1844 2353 2061 2426 oritur,
2111 2353 2290 2414 uenti
2338 2354 2629 2414 mutatio,

663 2477 744 2518 xv
812 2457 957 2520 Kal.
1017 2458 1205 2519 Mart.
1271 2458 1368 2519 sol
1418 2459 1479 2519 in
1531 2458 1749 2519 Pisces
1794 2461 2133 2521 transitum
2185 2460 2355 2533 facit,
2408 2481 2904 2542 nonnumquam

873 2577 1149 2626 uentosa
1196 2578 1574 2645 tempestas,
2927 2593 2994 2623 πο

882 2814 896 2843 1
946 2800 1201 2858 egerenda
1241 2802 1400 2857 Sarmp
1446 2800 1739 2856 degercnda
1778 2800 1854 2847 Aa
1900 2800 2209 2859 egredienda
2247 2802 2291 2848 Β
2509 2801 2784 2848 arboribus
2821 2802 2902 2849 SR

660 2888 887 2934 oleribus
929 2890 962 2935 A
1148 2905 1177 2933 2
1218 2890 1442 2934 uinearia
1482 2890 1553 2935 SA
1604 2889 1830 2936 uinearia
1869 2890 1950 2935 ml
1994 2889 2187 2936 uinaria
2225 2891 2268 2937 Β
2320 2890 2525 2937 uit-iuria
2564 2892 2617 2936 in
2660 2907 2826 2952 nrm-g.
2869 2893 2902 2938 b

877 2993 906 3034 3
947 2992 1097 3036 quam
1141 2978 1525 3025 recentissimus
1569 2978 1916 3025 curiosissime
1953 2992 2086 3037 epqu
2125 2994 2274 3038 quam
2317 2980 2634 3026 rectis-simus
2661 2982 2900 3027 curiosis·

661 3067 787 3112 sime
826 3080 862 3122 g*
918 3082 1067 3126 quam
1112 3068 1494 3114 recentissimus
1550 3073 1671 3117 (om.
1711 3069 2032 3128 pangendus)
2066 3071 2099 3115 d
2341 3070 2564 3129 populos
2603 3075 2713 3116 tecet.
2754 3070 2896 3116 rdet:

661 3156 881 3215 populus
919 3158 1039 3204 SAR
1221 3176 1248 3215 4
1295 3156 1523 3203 fraxinos
1564 3162 1673 3202 met.
1700 3157 1835 3203 cdd:
1869 3158 2097 3205 fraxinus
2123 3159 2244 3205 sut
2426 3173 2455 3217 5
2496 3175 2799 3219 nunponere
2824 3163 2895 3207 SA

840 3253 956 3290 ante
995 3254 1081 3291 aut
1118 3248 1180 3293 ed
1367 3262 1391 3305 7
1436 3255 1694 3293 sarmenta
1722 3262 1749 3292 c
1778 3246 1940 3293 uineis
1978 3249 2010 3292 S
2048 3256 2305 3293 sarmento
2340 3248 2503 3294 uineis
2530 3249 2604 3306 Ap
2641 3258 2895 3296 sarmenta

662 3334 822 3381 uineis
861 3335 902 3381 Β
1084 3337 1116 3380 8
1157 3335 1400 3394 quidquid
1440 3339 1473 3380 S
1517 3336 1746 3395 quicquit
1781 3338 1819 3383 A
2004 3336 2176 3382 iacens
2217 3336 2362 3382 facile
2400 3338 2600 3398 scripsi:
2643 3338 2789 3385 facile
2824 3342 2893 3386 SA

662 3424 832 3470 iacens
871 3425 914 3471 Β
1097 3440 1129 3482 9
1170 3424 1388 3470 molliem
1432 3426 1467 3471 A
1522 3425 1661 3471 molli
1700 3441 1762 3471 en
1799 3423 1872 3479 (ιέ
1907 3433 2149 3487 superscr.
2190 3418 2285 3475 121²)
2321 3428 2353 3470 S
2461 3421 2469 3425 ’
2559 3426 2789 3486 inpedire
2824 3430 2893 3474 SA

662 3513 906 3572 impedire
945 3515 988 3561 Β
1028 3514 1323 3574 impendere
1363 3529 1397 3561 a
1586 3530 1645 3560 ιο
1685 3530 1899 3572 egerere
1937 3518 2005 3562 Sa
2052 3530 2206 3576 egere
2247 3516 2281 3562 A
2332 3516 2470 3574 egeri
2510 3517 2555 3563 Β
2746 3519 2894 3577 appli-

661 3601 763 3647 cari
793 3602 875 3648 AR
904 3603 1114 3662 inplicari
1144 3605 1249 3649 (all.
1278 3619 1309 3662 ρ
1336 3611 1575 3665 superscr.
1605 3596 1701 3655 111²)
1728 3607 1761 3649 S
1895 3619 1952 3650 12
1982 3604 2159 3650 colore
2187 3606 2224 3650 A
2250 3604 2356 3660 (alt.
2386 3621 2417 3651 o
2445 3607 2515 3650 in.
2544 3621 2574 3652 e
2602 3613 2726 3652 ηηιΙ.
2750 3599 2842 3656 m’l
2863 3610 2895 3651 8

840 3692 1248 3751 deputarunmre
1288 3695 1358 3740 SA
1563 3709 1620 3752 ¹3
1661 3695 1910 3752 genistam
1949 3696 1982 3740 d
2020 3702 2282 3753 genestum
2324 3695 2442 3742 SAR
2634 3712 2691 3754 ¹4
2732 3697 2892 3743 trime·

662 3835 809 3880 stium
851 3849 881 3882 e
1073 3850 1130 3894 ¹5
1170 3836 1554 3882 administretur
1597 3838 1640 3884 Β
1678 3837 2123 3884 administraretur
2158 3838 2232 3885 SA

884 3927 941 3970 18
985 3938 1151 3985 nespe
1189 3927 1222 3971 d
1280 3925 1483 3985 uesperi
1525 3927 1567 3971 Β
1626 3921 1815 3985 ue'sper
1850 3928 1921 3973 SA
2154 3929 2211 3974 18
2249 3928 2285 3973 ἴε
2326 3919 2465 3975 mari
2504 3931 2536 3973 S
2576 3928 2646 3974 kl.
2687 3920 2819 3975 mart
2854 3930 2887 3975 A

662 4013 761 4058 kal.
804 4021 948 4061 mart.
989 4015 1032 4061 Β
1232 4024 1404 4070 grater
1444 4016 1478 4061 A
1695 4030 1754 4072 19
1798 4032 1863 4062 xv
1900 4017 1939 4061 k
1977 4017 2019 4061 §s
2057 4018 2090 4061 S
2127 4032 2194 4063 xv
2233 4002 2296 4062 kl
2338 4017 2382 4063 ὦ
2427 4018 2464 4064 A
2505 4033 2574 4063 xv
2612 4018 2713 4064 kal.
2753 4026 2887 4064 mart.

662 4104 742 4148 ml
777 4103 817 4146 3>-
858 4104 924 4155 R:
965 4103 1070 4149 rod,
1112 4103 1263 4149 modo
1299 4119 1433 4163 sequ.
1475 4104 1593 4149 dier.
1637 4121 1779 4150 ηηηι.
1818 4106 1996 4164 segnis.
2179 4106 2349 4164 pisces
2387 4108 2430 4154 Β
2467 4106 2612 4164 pisce
2652 4110 2723 4156 Ae
2758 4105 2889 4164 pisc‘e‘

666 4197 726 4233 “ul-i
1043 4214 1118 4231 mm·
1147 4214 1149 4216 ’
1234 4213 1269 4234 :22
1318 4197 1430 4237 ΞΗΕ
