3109 5559
1515 73 1637 142 Rei
1666 74 1944 142 rusticae
1972 74 2086 142 lib.
2123 73 2230 141 111
2262 97 2319 143 c.
2360 96 2437 141 10
2566 95 2648 164 39

160 250 410 331 oratio,
438 251 603 317 nihil
626 273 817 318 auroe
842 274 1029 338 agere
1052 251 1295 331 ualent,
1324 252 1508 338 quod
1532 266 1631 319 est
1655 252 2021 331 oculorum,
2049 252 2214 318 nihil
2239 254 2433 332 oculi,
2462 254 2647 340 quod

161 372 280 424 est
305 358 587 424 aurium.
679 379 765 422 ro
807 380 890 424 ne
916 358 1270 444 generandi
1298 358 1572 445 quidem
1599 359 1750 424 data
1774 372 1874 424 est
1899 359 2174 425 facultas
2200 358 2507 426 manibus
2534 373 2648 426 aut

163 464 444 551 plantis,
484 464 600 531 sed
637 464 819 552 quod
854 464 1237 531 hominibus
1273 465 1576 551 ignotum
1611 465 1824 532 uoluit
1858 487 1999 532 esse
2035 465 2293 552 genitor
2329 465 2642 545 uniuersi,

42 585 75 636 6
80 601 110 649 3
163 585 415 637 uentre
463 571 767 658 protexit,
816 585 891 638 ut
938 571 1165 638 diuina
1211 572 1504 658 praedita
1551 572 1800 638 ratione
1847 594 2070 638 rerum
2116 586 2376 639 aeterna
2421 572 2646 659 opifex

165 677 370 763 quasi
405 677 808 764 quibusdam
839 678 1104 744 secretis
1134 678 1429 764 corporis
1461 678 1531 743 in
1563 700 1800 744 arcano
1833 692 2030 765 atque
2063 693 2293 765 operto
2326 700 2507 744 sacra
2539 678 2648 744 illa

163 784 453 870 spiritus
489 785 812 852 elementa
848 807 1004 851 cum
1038 785 1314 851 terrenis
1350 785 1730 872 primordiis
1769 785 2071 851 misceret
2108 798 2305 872 atque
2341 785 2469 851 hoc
2505 785 2645 851 ani-

167 890 425 957 mantis
477 891 818 957 machinae
869 892 1159 979 speciem
1209 891 1572 978 effingeret.
1664 913 1748 954 rr
1790 891 1914 957 hac
1966 891 2107 977 lege
2159 891 2468 978 pecudes,
2523 891 2647 959 hac

164 997 470 1083 uirgulta
500 999 869 1084 progenuit,
905 999 1027 1064 hac
1059 999 1299 1064 uitium
1330 1019 1570 1084 genera
1600 997 1928 1084 figurauit,
1965 997 2210 1084 quibus
2241 997 2474 1064 eadem
2506 997 2648 1085 ipsa

51 1132 120 1180 70
166 1117 391 1169 mater
414 1125 490 1169 ac
511 1127 749 1191 parens
771 1104 1065 1191 primum
1086 1104 1337 1170 radicoe
1360 1104 1545 1170 uelut
1570 1103 1895 1191 quaedam
1918 1103 2349 1170 fundamenta
2375 1104 2545 1184 iecit,
2570 1119 2647 1171 ut

168 1211 232 1276 is
302 1210 493 1297 quasi
557 1211 842 1296 pedibus
905 1211 1252 1291 insisteret,
1319 1225 1634 1277 truncum
1690 1210 1930 1276 deinde
1985 1211 2408 1296 superposuit
2462 1211 2649 1279 uelut

171 1318 523 1403 quandam
565 1330 885 1383 staturam
928 1318 1222 1404 corporis
1264 1332 1331 1383 et
1374 1316 1661 1396 habitus,
1709 1339 1866 1383 mox
1909 1317 2108 1382 ramis
2153 1316 2421 1383 diffudit
2459 1318 2646 1404 quasi

175 1424 493 1503 brachiis,
528 1437 674 1490 tum
706 1425 1056 1511 pampinos
1088 1424 1310 1490 elicuit
1340 1425 1524 1490 uelut
1555 1423 1808 1510 palmas
1839 1446 2202 1510 eorumque
2235 1424 2394 1490 alios
2425 1424 2648 1490 fructu

173 1532 480 1610 donauit,
540 1531 700 1597 alios
755 1530 990 1596 fronde
1046 1531 1184 1597 sola
1237 1531 1506 1597 uestiuit
1563 1530 1646 1596 ad
1703 1531 2143 1617 protegendos
2197 1530 2644 1617 tutandosque

66 1665 129 1715 75
177 1653 433 1723 partus.

273 1765 358 1809 12
400 1744 501 1808 Ex
532 1744 612 1809 iis
644 1744 862 1831 igitur,
899 1758 974 1810 ut
1007 1766 1207 1831 supra
1239 1744 1545 1823 diximus,
1583 1743 1638 1809 si
1673 1766 1808 1810 non
1841 1744 1983 1830 ipsa
2016 1742 2313 1810 membra
2345 1743 2650 1829 genitalia

178 1863 514 1937 conceptu
549 1865 747 1937 atque
782 1850 923 1917 fetu
959 1850 1231 1936 grauida
1265 1850 1383 1917 sed
1417 1864 1758 1937 tamquam
1793 1849 2130 1936 tegumina
2164 1865 2231 1916 et
2264 1849 2649 1916 umbracula

177 1979 439 2035 eorum,
479 1979 646 2043 quae
680 1957 1007 2023 fructibus
1042 1957 1246 2023 uidua
1278 1970 1454 2035 sunt,
1492 1956 1861 2042 legerimus,
1900 1955 2174 2023 umbrae
2208 1956 2473 2035 scilicet,
2511 1977 2648 2023 non

179 2063 562 2130 uindemiae
591 2063 1126 2129 laborauerimus.
1218 2084 1302 2145 13
1347 2063 1510 2150 quid
1538 2085 1695 2149 ergo
1723 2061 1863 2128 est?
1893 2085 2030 2142 cur,
2064 2063 2368 2149 quamuis
2397 2085 2535 2129 non
2563 2063 2648 2128 sit

73 2181 137 2233 80
178 2192 216 2235 e
254 2172 427 2236 duro
465 2171 820 2257 pampinus
855 2169 972 2236 sed
1008 2192 1045 2235 e
1081 2184 1307 2237 tenero
1345 2183 1557 2248 natus,
1598 2170 1653 2235 si
1688 2183 1912 2236 tamen
1948 2168 2151 2235 orbus
2186 2183 2305 2248 est,
2344 2168 2543 2235 etiam
2579 2169 2649 2234 in

182 2275 493 2342 futurum
538 2276 725 2362 quasi
772 2276 1008 2342 sterilis
1055 2276 1404 2342 damnatur
1450 2298 1487 2341 a
1532 2274 1767 2341 nobis?
1814 2276 2016 2342 modo
2063 2275 2243 2341 enim
2288 2274 2648 2362 disputatio

182 2397 412 2449 nostra
436 2382 780 2469 colligebat
804 2382 1163 2470 unicuique
1189 2383 1482 2469 corporis
1507 2382 1677 2468 parti
1702 2383 2047 2468 proprium
2070 2404 2211 2448 esse
2237 2381 2646 2448 adtributum

182 2489 506 2568 officium,
542 2488 723 2576 quod
756 2490 1001 2556 scilicet
1031 2490 1092 2555 ei
1123 2490 1455 2568 conuenit,
1490 2503 1566 2555 ut
1598 2488 1898 2555 malleolo
1932 2510 2220 2575 quoque,
2255 2489 2371 2575 qui
2402 2510 2647 2575 oppor-

183 2609 351 2662 tuno
386 2595 531 2661 loco
564 2611 756 2662 natus
788 2609 906 2674 est,
941 2595 1363 2661 fecunditatis
1396 2595 1499 2660 uis
1530 2595 1722 2675 adsit,
1758 2596 1956 2661 etiam
1988 2596 2043 2661 si
2075 2594 2340 2660 interim
2373 2609 2580 2661 cesset
2611 2617 2650 2660 a

84 2712 142 2776 85
186 2716 401 2787 partu.
494 2722 578 2785 14
620 2723 745 2769 nec
778 2724 901 2788 ego
938 2701 1284 2767 abnuerim
1321 2701 1447 2768 hoc
1486 2724 1593 2767 me
1632 2702 1991 2768 instituisse
2028 2701 2488 2787 argumentari,
2530 2701 2649 2768 sed

187 2822 251 2874 et
276 2807 444 2875 illud
470 2808 752 2874 maxime
776 2808 1088 2895 profiteor
1113 2808 1452 2895 palmitem
1477 2808 1784 2895 quamuis
1809 2807 2122 2893 frugifera
2145 2821 2329 2894 parte
2354 2821 2643 2887 enatum,

187 2915 241 2979 si
278 2915 575 2981 fructum
612 2938 749 2981 non
786 2915 1111 2993 adtulerit,
1154 2937 1237 2980 ne
1274 2914 1415 2980 uim
1454 2914 1727 3000 quidem
1765 2913 2186 2980 fecunditatis
2223 2913 2485 2979 habere.
2526 2936 2649 2980 nec

188 3019 313 3087 hoc
353 3021 449 3086 illi
488 3021 847 3088 sententiae
887 3035 1228 3109 repugnat:
1272 3044 1425 3086 nam
1465 3034 1531 3086 et
1571 3020 1874 3086 homines
1915 3019 2238 3107 quosdam
2279 3042 2416 3086 non
2456 3041 2647 3106 posse

188 3148 497 3212 generare
525 3128 831 3214 quamuis
857 3128 1040 3193 omni
1068 3126 1520 3193 membrorum
1547 3149 1826 3193 numero
1854 3140 2193 3193 constante
2222 3125 2648 3192 manifestum

92 3258 152 3304 90
190 3248 303 3314 est,
340 3257 424 3300 ne
456 3234 541 3301 sit
571 3233 973 3313 incredibile,
1008 3235 1063 3300 si
1093 3234 1358 3320 genitali
1390 3234 1535 3300 loco
1568 3235 1754 3320 uirga
1784 3248 1934 3300 nata
1964 3233 2184 3299 fructu
2217 3246 2448 3312 careat,
2483 3232 2647 3298 cari-

190 3353 405 3407 turam
436 3363 706 3427 quoque
736 3340 897 3406 fetu.

198 3634 274 3675 est
302 3623 592 3676 oculorum
622 3624 760 3676 nihil
790 3624 937 3676 oculi
967 3641 1065 3676 om.
1099 3624 1191 3676 SA
1223 3651 1263 3661 -
1298 3625 1363 3688 63
1397 3624 1621 3688 gerendi
1652 3624 1692 3676 S
1726 3650 1763 3659 -
1799 3624 1868 3687 64
1899 3624 2170 3675 uniuersis
2201 3624 2241 3676 S
2275 3650 2313 3660 -
2348 3624 2414 3688 65
2450 3635 2511 3676 ut
2542 3642 2641 3676 om.

196 3709 254 3762 81
286 3740 325 3749 -
360 3714 430 3776 67
458 3712 744 3776 primordii
770 3713 809 3765 S
842 3740 881 3749 -
916 3713 984 3765 68
1011 3713 1247 3778 imagine
1272 3713 1311 3765 S
1336 3714 1548 3765 macine
1573 3713 1625 3764 A
1659 3739 1697 3748 —
1731 3713 1912 3776 specie
1937 3712 1977 3764 S
2011 3739 2050 3748 —
2084 3711 2187 3763 hac
2212 3713 2359 3775 (ante
2383 3713 2641 3776 uirgulta)

198 3798 282 3852 SA
318 3819 381 3854 ac
419 3801 625 3867 hirpy·
663 3813 717 3854 et
757 3801 835 3866 λς,
868 3829 907 3839 -
942 3803 1011 3865 69
1049 3802 1306 3866 figurauit
1343 3802 1436 3854 SR
1472 3802 1555 3854 uit
1593 3802 1646 3853 A
1679 3828 1718 3838 -
1752 3814 1823 3866 70
1863 3801 2099 3865 primam
2136 3800 2176 3852 S
2211 3827 2248 3836 —
2283 3800 2644 3854 fundamenta

199 3892 465 3952 quaedam
487 3892 540 3942 R
574 3918 613 3927 -
647 3903 709 3943 ut
735 3891 780 3943 is
804 3889 903 3956 Si·
926 3903 989 3943 ut
1013 3891 1079 3943 iis
1103 3889 1341 3956 Afflye
1365 3891 1494 3943 uitis
1520 3902 1582 3943 ut
1607 3891 1673 3943 iis
1696 3904 1730 3955 ρ
1767 3917 1805 3926 -
1841 3904 1903 3954 71
1933 3890 2114 3942 trunci
2139 3889 2253 3941 SA¹
2288 3916 2327 3925 -
2361 3890 2647 3953 perposuit

200 3976 237 4029 S
266 4006 303 4016 -
336 3994 407 4044 72
446 3980 642 4032 habitu
676 3980 717 4032 S
750 4007 787 4016 -
823 3981 955 4032 raris
992 3980 1032 4032 S
1066 4007 1105 4016 -
1139 3980 1402 4033 diffundit
1438 3980 1478 4032 S
1512 3994 1638 4044 —73
1665 3980 2011 4032 tuchum
2035 3979 2328 4031 SA-ante
2351 3979 2646 4042 pampinos

0 4068 4 4098 ¹
200 4067 312 4121 add.
339 4069 523 4121 caules
547 4070 600 4120 R
634 4095 674 4105 -
708 4069 843 4121 alius
869 4069 985 4121 S¹A
1017 4096 1056 4106 -
1091 4069 1301 4122 fructus
1328 4068 1457 4134 Sj21'1
1490 4096 1529 4105 —
1564 4083 1634 4133 74
1661 4069 2006 4132 utandosque
2031 4069 2071 4121 S
2105 4095 2144 4104 -
2179 4069 2247 4132 76
2273 4069 2339 4120 iis
2365 4068 2405 4120 S
2431 4068 2516 4119 his
2542 4067 2646 4119 AR

200 4179 235 4189 -
262 4158 306 4209 si
336 4175 436 4210 om.
469 4158 532 4210 81
566 4185 605 4194 -
639 4171 709 4221 77
738 4159 989 4223 grauidas
1020 4170 1074 4210 et
1103 4158 1165 4211 S¹
1201 4185 1238 4194 -
1272 4158 1551 4222 tegumina
1582 4170 1636 4209 et
1664 4158 1845 4222 scripsi
1870 4158 2175 4222 teguminet
2203 4157 2265 4209 S¹
2294 4169 2556 4222 tegumen
2587 4168 2642 4208 et

200 4242 257 4295 8¹
282 4247 523 4311 tegmina
553 4257 608 4299 et
635 4247 739 4299 AR
772 4274 811 4283 —
846 4247 914 4311 78
945 4247 1130 4299 fructu
1159 4248 1199 4300 S
1233 4274 1271 4283 -
1304 4247 1474 4299 bidua
1503 4246 1565 4299 81
1596 4247 1725 4298 idua
1752 4247 1805 4298 A
1839 4273 1878 4282 -
1913 4260 1981 4310 79
2012 4247 2382 4298 laborauimus
2411 4247 2464 4298 A
2498 4272 2535 4281 —-
2573 4246 2642 4298 80

203 4337 466 4400 pampinus
489 4336 529 4388 S
563 4362 602 4372 -
637 4353 667 4388 e
688 4336 792 4388 AR
815 4347 868 4387 et
891 4336 931 4388 S
964 4363 1003 4372 —
1039 4336 1104 4400 83
1131 4348 1406 4400 oportuno
1427 4336 1480 4387 A
1501 4362 1538 4371 —-
1562 4336 1631 4400 84
1654 4336 1772 4388 luto
1794 4336 1910 4388 S¹A
1943 4361 1980 4370 -
2015 4353 2046 4386 a
2069 4346 2230 4398 partu
2253 4334 2368 4387 S¹R
2390 4346 2645 4398 apertum

205 4419 307 4476 S¹A
340 4451 380 4460 —
415 4425 479 4489 85
512 4426 906 4489 argumentaris
934 4436 988 4477 et
1016 4424 1078 4477 S¹
1113 4451 1151 4460 —
1187 4425 1255 4477 86
1284 4425 1406 4477 illut
1433 4425 1495 4477 81
1530 4452 1570 4461 -
1605 4425 1673 4477 88
1703 4436 2009 4489 repugnant
2036 4422 2170 4476 SAh
2205 4449 2242 4458 -
2278 4423 2345 4486 89
2369 4440 2562 4476 cenare
2584 4423 2648 4475 81
