3109 5559
623 377 702 423 10
1193 378 1250 422 L.
1286 376 1433 422 IVNI
1464 376 1815 423 MODERATI
1847 376 2290 423 COLVMELLAE

613 539 752 600 lata
788 544 853 600 et
892 539 1254 601 musculosa
1289 546 1571 618 pectora,
1609 540 2082 619 lacertosaeque
2117 539 2351 602 similes
2386 539 2662 602 brachiis
2700 539 2872 612 alae:

615 652 758 707 tum
819 637 1291 724 procerissimae
1351 646 1595 708 caudae
1655 645 1893 727 duplici
1952 646 2172 709 ordine
2231 646 2494 726 sing-ulis
2539 646 2876 725 utrimque

613 751 1127 831 prominentibus
1181 751 1395 831 pinnis
1445 752 1742 824 inflexae;
1798 752 1954 833 quin
2008 753 2206 815 etiam
2259 758 2450 814 uasta
2505 752 2747 814 femina
2803 761 2874 814 et

615 858 982 939 frequenter
1002 859 1410 921 horrentibus
1431 859 1667 938 plumis
1686 859 1879 931 hirta,
1904 860 2172 921 robusta
2192 878 2377 921 crura
2401 878 2518 920 nec
2540 860 2733 938 longa
2754 859 2872 920 sed

516 991 591 1035 11
614 964 863 1026 infestis
902 966 1081 1026 uelut
1121 965 1389 1027 sudibus
1428 973 1732 1027 nocenter
1764 972 2035 1027 armata.
2063 985 2271 1027 mores
2296 971 2537 1037 autem,
2566 966 2874 1045 quamuis
2891 982 2930 1030 5

614 1090 742 1132 non
764 1070 851 1132 ad
873 1090 1156 1151 pugnam
1171 1090 1378 1151 neque
1394 1072 1478 1133 ad
1493 1071 1800 1134 uictoriae
1813 1071 2071 1134 laudem
2086 1078 2567 1153 praeparentur,
2583 1072 2872 1133 maxime

615 1183 835 1239 tamen
864 1178 1150 1258 generosi
1179 1178 1556 1258 probantur,
1591 1184 1665 1239 ut
1695 1178 1825 1240 sint
1856 1178 2029 1251 elati,
2061 1179 2319 1250 alacreS,
2351 1177 2653 1258 uigilaces
2681 1184 2751 1240 et
2783 1178 2873 1239 ad

613 1284 869 1363 saepius
920 1284 1283 1347 canendum
1336 1284 1640 1364 prompti,
1697 1304 1813 1346 nec
1866 1284 1982 1365 qui
2036 1284 2219 1346 facile
2273 1291 2654 1347 terreantur.
2714 1303 2870 1345 nam

612 1390 937 1452 interdum
961 1391 1249 1453 resistere
1274 1391 1511 1452 debent
1535 1397 1602 1453 et
1629 1398 1960 1470 protegere
1982 1391 2380 1471 coniugalem
2404 1410 2679 1471 gregem,
2707 1391 2871 1470 quin

613 1503 679 1558 et
709 1497 1115 1559 attollentem
1144 1498 1352 1559 minas
1379 1505 1741 1577 serpentem
1769 1498 1873 1559 uel
1901 1497 2076 1559 aliud
2102 1497 2369 1560 noxium
2397 1497 2641 1559 animal
2668 1498 2871 1559 inter-
2895 1514 2963 1549 10

615 1602 829 1665 ficere.

515 1720 590 1766 12
694 1709 959 1771 Talibus
983 1716 1202 1772 autem
1228 1709 1513 1772 maribus
1537 1710 1774 1790 quinae
1799 1709 2062 1790 sing-ulis
2084 1708 2359 1772 feminae
2382 1717 2870 1789 comparantur.

610 1835 765 1876 nam
791 1816 1029 1878 Rhodii
1051 1816 1296 1896 generis
1319 1822 1435 1877 aut
1464 1816 1694 1877 Medici
1717 1822 1980 1897 propter
2001 1816 2388 1896 grauitatem
2413 1835 2624 1896 neque
2648 1823 2874 1896 patres

610 1921 801 1983 nimis
832 1923 1074 1984 salaces
1103 1941 1221 1984 nec
1254 1922 1568 1984 fecundae
1599 1929 1858 1995 matreS,
1894 1942 2060 2003 quae
2092 1928 2312 1984 tamen
2346 1929 2567 1984 ternae
2600 1922 2873 2002 singulis

610 2028 1017 2090 maritantur.
1040 2035 1105 2091 et
1128 2047 1276 2090 cum
1295 2048 1505 2108 pauca
1523 2047 1650 2090 oua
1669 2035 2039 2108 posuerunt,
2062 2029 2297 2090 inertes
2319 2029 2404 2090 ad
2422 2029 2872 2091 incubandum
2895 2045 2955 2096 15

609 2135 945 2215 multoque
966 2135 1169 2214 magis
1187 2135 1272 2196 ad
1289 2134 1779 2207 excludendum,
1799 2154 1943 2197 raro
1967 2135 2138 2197 fetus
2153 2154 2304 2197 suos
2320 2135 2622 2198 educant.
2643 2136 2873 2215 itaque

610 2240 846 2320 quibus
871 2241 1050 2303 cordi
1077 2247 1174 2302 est
1202 2260 1279 2303 ea
1303 2260 1534 2320 genera
1560 2247 1824 2322 propter
1849 2260 2185 2321 corporum
2211 2241 2489 2321 speciem
2516 2241 2870 2321 possidere,

609 2365 757 2408 cum
782 2354 1170 2427 exceperunt
1196 2366 1323 2408 oua
1345 2366 1813 2427 generosarum,
1842 2347 2213 2428 uulgaribus
2235 2346 2487 2427 gallinis
2511 2348 2870 2418 subiciunt,

511 2464 587 2525 13
608 2460 683 2515 ut
714 2453 799 2514 ab
828 2453 929 2514 his
959 2454 1174 2515 excusi
1205 2454 1363 2533 pulli
1392 2453 1780 2516 nutriantur.
1814 2453 2149 2533 Tanagrici
2178 2454 2555 2533 plerumque
2589 2454 2873 2516 Rhodiis

608 2566 673 2620 et
703 2559 963 2621 Medicis
990 2559 1414 2640 amplitudine
1442 2579 1628 2639 pares
1655 2579 1784 2621 non
1818 2561 2095 2622 multum
2121 2559 2406 2622 moribus
2434 2579 2475 2621 a
2502 2561 2870 2622 uernaculis
2889 2578 2953 2614 πο

607 2665 874 2738 distant,
901 2666 1066 2727 sicut
1092 2673 1158 2728 et
1184 2665 1500 2728 Calcidici.
1532 2666 1823 2728 omnium
1848 2673 2067 2728 tamen
2090 2666 2321 2727 horum
2344 2684 2652 2746 generum
2677 2666 2870 2729 nothi

606 2778 758 2833 sunt
788 2772 1018 2851 optimi
1045 2772 1227 2851 pulli,
1257 2791 1421 2852 quos
1447 2779 1791 2852 conceptos
1818 2791 1898 2833 ex
1926 2772 2269 2852 peregrinis
2296 2771 2583 2834 maribus
2611 2779 2867 2834 nostra-

681 3020 745 3055 10
785 3009 932 3073 Verg.
964 3023 1130 3073 georg.
1163 3021 1217 3070 3,
1237 3021 1342 3073 421
1373 3008 1776 3072 tollentemque
1807 3007 1989 3057 minas

675 3235 705 3284 3
739 3222 939 3286 pennis
969 3219 1028 3273 8²
1057 3228 1105 3274 et
1132 3217 1185 3272 R,
1214 3222 1444 3289 aliquot:
1474 3238 1576 3273 om.
1610 3229 1661 3292 γ
1852 3235 1883 3284 5
1915 3234 2096 3272 marae
2127 3216 2463 3291 mxv&
2664 3236 2697 3284 7
2727 3222 2867 3272 elati

600 3304 702 3360 AB
731 3311 893 3359 telati
922 3307 959 3361 8
988 3311 1126 3361 alati
1157 3321 1208 3360 w
1421 3310 1726 3375 uigilantes
1757 3306 1914 3380 φίΙι
2116 3310 2148 3358 8
2178 3309 2388 3374 promti
2416 3305 2469 3359 A
2495 3315 2546 3361 et
2575 3305 2628 3360 R
2658 3311 2866 3376 aliquot

816 3399 1007 3449 faciles
1034 3408 1145 3448 nxv
1293 3413 1329 3459 9
1357 3399 1527 3449 debet
1556 3407 1658 3470 κγ
1692 3398 1819 3463 (exc.
1851 3393 1892 3462 t)
2044 3411 2110 3448 10
2138 3402 2197 3447 et
2227 3394 2264 3448 8
2292 3399 2383 3448 uel
2411 3406 2446 3456 β
2477 3414 2581 3451 om.
2615 3393 2717 3449 AB

600 3494 720 3553 post
750 3492 1066 3553 serpentem
1096 3489 1220 3539 add.
1255 3488 1347 3537 uel
1375 3488 1549 3538 alium
1580 3492 1896 3552 serpentem
1925 3482 1960 3538 8
2173 3487 2347 3536 alium
2374 3481 2462 3536 SA

678 3590 739 3626 12
773 3577 1032 3627 manibus
1061 3572 1171 3628 8²A
1325 3578 1530 3641 coparfi
1560 3571 1595 3627 8
1757 3589 1820 3638 13
1851 3576 2013 3626 hrodi
2041 3571 2078 3625 8
2106 3575 2299 3625 herodi
2327 3570 2380 3624 A
2528 3576 2717 3626 melici
2751 3577 2862 3626 mr¹

600 3666 717 3717 Pol.
751 3666 953 3715 mellici
984 3675 1021 3715 ο
1226 3679 1290 3730 14
1320 3670 1542 3730 satages
1572 3660 1625 3714 A
1826 3678 1888 3727 15
1917 3665 2066 3726 cum]
2099 3668 2293 3713 tamen
2320 3664 2420 3712 1²8²
2453 3680 2557 3716 om.
2592 3659 2671 3714 ot

597 3755 845 3804 inhertes
874 3748 1076 3824 8¹Aenq
1099 3771 1200 3805 om.
1227 3764 1278 3803 w
1462 3757 1526 3804 16
1555 3753 1947 3803 excudendum
1972 3737 2404 3822 tpssmqfflm
2425 3748 2447 3803 1
2468 3754 2860 3804 escudendum

599 3844 718 3894 Pol.
938 3844 1205 3893 educanti
1239 3840 1276 3894 8
1495 3844 1559 3892 18
1590 3856 1977 3906 generosarum
2022 3836 2075 3891 R,
2104 3854 2242 3905 gene
2270 3835 2355 3891 SA
2580 3855 2646 3902 19
2675 3844 2764 3905 ut]
2797 3848 2859 3892 et

597 3929 736 3981 flnx¹
771 3936 836 3982 ut
865 3936 924 3981 et
959 3917 1024 4002 ψ
1261 3931 1452 3981 excusi
1481 3927 1616 3982 Asis
1645 3932 1863 3981 excussi
1892 3926 1961 3980 m
1990 3931 2202 3980 exclusi
2230 3925 2283 3980 R,
2311 3930 2534 3981 excludi
2563 3932 2777 3981 exclusi
2807 3942 2861 3981 w

812 4022 1024 4070 hrodiis
1054 4015 1089 4071 8
1120 4021 1331 4071 hordiis
1360 4015 1413 4069 A
1617 4034 1686 4069 20
1715 4020 1982 4069 mendicis
2011 4012 2069 4068 8¹
2269 4019 2540 4082 moribus]
2574 4021 2858 4071 erroribus

599 4094 664 4179 ψ
883 4123 945 4159 21
980 4110 1181 4160 chalci·
1215 4110 1307 4161 uel
1334 4109 1540 4159 calchi·
1574 4109 1663 4161 uel
1690 4108 1930 4158 chalchi·
1957 4102 2010 4157 Β
2038 4109 2243 4173 aliquot
2441 4122 2638 4159 eorum
2669 4106 2858 4160 κω*

812 4200 976 4249 nothi
1005 4194 1214 4269 sapio
1242 4199 1369 4248 noti
1396 4193 1449 4248 R,
1478 4202 1649 4248 notae
1679 4191 1704 4246 t
1919 4210 1984 4245 22
2015 4197 2266 4260 optimae
2295 4190 2320 4245 t
2497 4203 2617 4262 post
2648 4199 2855 4263 optimi

597 4289 718 4340 add.
752 4293 886 4338 sunt
918 4283 1069 4358 Sliq»
1287 4287 1564 4337 matribus
1594 4281 1871 4357 ρι’νδίῑον
