3109 5559
455 227 543 294 74
671 208 749 274 L.
785 208 937 274 Iuni
968 207 1302 275 Moderati
1333 207 1738 276 Columellae

459 384 792 471 reliquum
823 384 969 464 olei,
1005 385 1189 471 quod
1222 399 1448 472 postea
1479 384 1679 453 fuerit
1710 408 2112 473 expressum,
2148 386 2392 473 poterit
2422 387 2506 453 ad
2537 408 2781 466 escam,
2816 387 2939 453 uel

458 511 615 557 cum
644 490 768 556 alia
797 505 953 558 nota
982 491 1266 558 mixtum
1296 491 1403 558 uel
1436 514 1553 578 per
1585 514 1675 571 se,
1709 492 2078 579 adprobari.

317 712 413 792 55
546 724 585 766 ι
632 704 970 770 Hactenus
993 703 1076 770 de
1099 703 1245 770 oleo
1270 704 1508 770 dixisse
1532 703 1796 771 abunde
1819 718 1937 771 est.
1964 725 2144 771 nunc
2165 705 2249 771 ad
2273 705 2528 771 minora
2552 705 2937 773 redeamus.

461 970 576 1035 De
606 967 889 1035 sucidis
919 980 990 1035 et
1018 968 1298 1035 salsura
1324 968 1660 1036 facienda

550 1128 770 1194 Omne
804 1149 1008 1215 pecus
1041 1143 1108 1195 et
1142 1128 1490 1215 praecipue
1521 1150 1710 1195 suem
1750 1128 1981 1215 pridie,
2019 1152 2222 1216 quam
2255 1128 2610 1209 occidatur,
2650 1130 2941 1216 potione

461 1232 795 1321 prohiberi
828 1248 1109 1321 oportet,
1146 1256 1282 1320 quo
1316 1235 1401 1302 sit
1433 1257 1586 1301 caro
1619 1235 1871 1301 siccior.
1909 1258 2065 1301 nam
2097 1235 2155 1301 si
2187 1235 2449 1314 biberit,
2486 1235 2637 1322 plus
2671 1236 2942 1302 umoris

386 1371 414 1420 5
462 1341 708 1406 salsura
743 1340 1032 1408 habebit.
1071 1363 1227 1427 ergo
1264 1340 1595 1408 sitientem
1631 1362 1787 1407 cum
1822 1341 2159 1421 occideris,
2199 1341 2370 1408 bene
2406 1355 2728 1408 exossato:
2772 1365 2945 1408 nam

460 1469 537 1514 ea
559 1469 663 1513 res
687 1447 909 1513 minus
932 1447 1249 1514 cariosam
1272 1461 1338 1514 et
1362 1448 1572 1534 magis
1597 1447 1966 1514 durabilem
1988 1447 2306 1514 salsuram
2329 1447 2505 1514 facit.
2595 1467 2636 1514 2
2682 1448 2941 1516 deinde

461 1575 618 1620 cum
647 1554 1068 1633 exossaueris,
1104 1567 1292 1620 cocto
1325 1553 1456 1620 sale
1489 1576 1612 1620 nec
1642 1553 1926 1620 nimium
1959 1554 2216 1621 minuto
2249 1554 2367 1620 sed
2399 1575 2717 1640 suspensa
2752 1557 2944 1621 mola

459 1659 738 1726 infracto
764 1659 1106 1746 diligenter
1131 1660 1343 1726 sallito
1367 1674 1434 1727 et
1457 1660 1741 1726 maxime
1765 1659 1835 1726 in
1859 1682 1969 1726 eas
1993 1675 2229 1746 partes,
2258 1660 2504 1746 quibus
2527 1682 2676 1726 ossa
2700 1661 2943 1729 relicta

459 1780 636 1845 sunt,
662 1765 917 1851 largum
939 1766 1143 1832 salem
1165 1765 1486 1833 infarcito.
1514 1765 2008 1853 conpositisque
2031 1788 2231 1852 supra
2251 1766 2621 1833 tabulatum
2644 1768 2942 1854 tergori-

351 1903 416 1941 10
458 1873 586 1939 bus
636 1887 750 1938 aut
799 1871 1026 1938 frustis
1075 1886 1261 1939 uasta
1312 1873 1606 1959 pondera
1655 1872 1978 1959 inponito,
2032 1886 2109 1938 ut
2157 1872 2515 1952 exanietur3
2569 1872 2771 1939 tertio
2832 1873 2942 1940 die
3085 1857 3087 1954 l

464 1978 757 2066 pondera
793 1992 1132 2045 remoueto
1168 1992 1235 2045 et
1271 1979 1578 2045 manibus
1616 1979 1961 2065 diligenter
1997 1979 2315 2045 salsuram
2350 1978 2601 2057 fricato,
2641 2000 2942 2068 eamque
3082 2003 3088 2114 A

460 2107 616 2151 cum
640 2085 824 2151 uoles
850 2107 1185 2172 reponere,
1214 2085 1474 2151 minuto
1499 2099 1568 2151 et
1590 2083 1747 2152 trito
1773 2085 1904 2151 sale
1930 2085 2256 2172 aspergito
2283 2098 2480 2172 atque
2504 2084 2595 2151 ita
2619 2087 2940 2171 reponito

463 2213 585 2258 nec
616 2191 884 2257 desieris
913 2191 1182 2258 cottidie
1212 2190 1530 2257 salsuram
1560 2191 1811 2270 fricare,
1847 2191 2058 2257 donec
2089 2205 2347 2257 matura
2372 2190 2477 2257 sit.
2560 2211 2609 2273 3
2655 2193 2855 2278 quod
2884 2192 2939 2258 si
3084 2135 3088 2242 1

461 2297 772 2364 serenitas
798 2298 997 2364 fuerit
1023 2297 1127 2363 his
1154 2295 1408 2376 diebus,
1439 2297 1685 2384 quibus
1711 2296 2099 2385 perfricatur
2126 2319 2296 2377 caro,
2328 2296 2591 2384 patieris
2616 2319 2775 2364 eam
2803 2299 2940 2364 sale
3084 2305 3087 2398 Ι

354 2435 413 2484 15
462 2426 883 2490 consparsam
919 2426 1060 2470 esse
1096 2422 1250 2469 vnn
1292 2402 1547 2484 diebus;
1588 2407 1758 2487 a[u]t
1793 2403 1849 2470 si
1887 2402 2194 2470 nubilum
2232 2418 2345 2471 aut
2382 2403 2667 2490 pluuiae,
2706 2422 2787 2470 xl
2830 2405 2937 2471 uel
3082 2441 3088 2550 1

463 2510 855 2577 duodecima
890 2510 996 2576 die
1032 2511 1116 2576 ad
1151 2510 1368 2577 lacum
1403 2510 1723 2576 salsuram
1757 2510 1995 2576 deferri
2031 2508 2365 2597 oportebit
2398 2523 2465 2576 et
2498 2509 2705 2575 salem
2745 2511 2937 2597 prius

460 2617 697 2696 excuti,
744 2617 982 2683 deinde
1025 2638 1196 2703 aqua
1237 2616 1414 2682 dulci
1457 2617 1803 2702 diligenter
1843 2615 1994 2695 elui,
2041 2616 2283 2682 necubi
2323 2616 2417 2682 sal
2459 2614 2825 2696 inhaereat,
2870 2630 2934 2683 et

462 2723 736 2810 paulum
796 2722 1190 2789 adsiccatam
1251 2723 1320 2788 in
1381 2722 1674 2789 carnario
1735 2722 2070 2808 suspendi,
2136 2744 2271 2808 quo
2331 2721 2636 2788 modicus
2695 2722 2935 2790 fumus

463 2829 822 2917 perueniat,
854 2829 991 2916 qui,
1021 2829 1077 2894 si
1105 2829 1268 2916 quid
1296 2828 1546 2895 umoris
1573 2827 1790 2895 adhuc
1816 2828 2210 2908 continetur,
2240 2828 2481 2895 siccare
2507 2850 2666 2894 eum
2693 2829 2928 2915 possit.

347 2967 416 3004 20
460 2936 621 3003 haec
646 2936 895 3002 salsura
918 2935 1076 3002 luna
1100 2935 1514 3002 decrescente
1540 2934 1823 3001 maxime
1850 2957 1967 3021 per
1993 2932 2301 3001 brumam
2326 2934 2444 3001 sed
2470 2933 2672 3000 etiam
2697 2957 2931 3001 mense
3080 2877 3088 3000 Ι

469 3042 825 3109 Februario
855 3055 1005 3108 ante
1038 3041 1201 3107 Idus
1231 3041 1581 3107 commode
1609 3039 1743 3107 fiet.
3080 3039 3088 3154 Ι

463 3290 693 3357 Aliter

548 3470 590 3532 4
633 3450 750 3515 Est
784 3463 851 3516 et
884 3448 994 3514 illa
1026 3449 1292 3526 salsura,
1330 3470 1499 3534 quae
1532 3447 1732 3514 etiam
1765 3446 1926 3514 locis
1960 3447 2186 3514 calidis
2219 3447 2405 3514 omni
2437 3462 2740 3534 tempore
2774 3445 2923 3514 anni

460 3570 680 3644 potest
700 3554 1022 3641 usurpari,
1049 3576 1204 3620 cum
1226 3554 1308 3620 ab
1333 3576 1503 3640 aqua
1525 3553 1737 3640 pridie
1759 3575 1910 3620 sues
1931 3552 2301 3640 prohibitae
2324 3568 2499 3620 sunt:
2526 3567 2799 3640 postero
2822 3553 2923 3619 die

533 3763 625 3816 35:
654 3749 794 3803 Cato
817 3766 927 3814 agr.
956 3748 1089 3811 162,·
1116 3747 1221 3814 (ἕρ.
1249 3760 1372 3811 19,9
3080 3745 3087 3776 Ἴ

462 4018 691 4082 eiusque
717 4017 861 4070 SAR
885 4015 1007 4068 uide
1030 4015 1150 4068 diss.
1175 4025 1232 4079 p.
1262 4026 1367 4078 174
1401 4040 1441 4050 -
1480 4030 1538 4066 ιι
1572 4013 1801 4066 relicum
1826 4013 1891 4065 8ι

533 4120 623 4173 532
669 4122 703 4160 2
730 4115 814 4170 pr.
849 4104 1090 4169 SAhryc
1124 4131 1162 4141 -
1196 4102 1437 4156 succidia
1467 4117 1536 4167 rc
1571 4129 1610 4139 -
1643 4119 1680 4167 4
1710 4102 1915 4155 biberis
1946 4100 2151 4167 h¹mfy
2184 4128 2221 4139 -
2257 4118 2286 4166 5
2322 4113 2567 4154 exossata
2598 4099 2855 4167 nnn-y
2883 4123 2917 4135 ·-

463 4196 497 4247 6
518 4196 782 4248 cariosam
800 4194 983 4258 scripsi
1000 4194 1318 4256 incynosarn
1338 4191 1481 4244 SAR
1498 4191 1620 4244 m‘de
1636 4191 1755 4244 diss.
1773 4201 1866 4256 pp.
1890 4191 1993 4241 126
2015 4208 2091 4257 sq.
2130 4218 2168 4228 -
2201 4191 2474 4244 salsus-um
2491 4190 2584 4244 SA
2618 4217 2658 4227 -
2692 4207 2727 4256 9
2748 4202 2913 4242 tereo-

463 4283 616 4337 ribus
637 4283 712 4336 A¹
746 4310 786 4320 -
826 4299 891 4335 10
911 4293 1173 4334 emetur
1192 4281 1254 4334 s¹
1289 4308 1328 4318 -
1369 4298 1426 4333 ιι
1448 4291 1570 4345 pose
1590 4293 1645 4333 et
1665 4279 1788 4332 aad.
1813 4280 1871 4332 in
1891 4280 1996 4332 AR
2030 4306 2067 4317 -
2108 4296 2169 4344 13
2192 4280 2418 4333 desieris
2437 4280 2621 4344 scripsi
2638 4280 2783 4332 desit
2803 4278 2911 4329 eius
3070 4235 3081 4328 Ι

463 4372 503 4425 S
526 4373 763 4426 desieius
787 4371 840 4423 A
862 4371 1087 4425 desieris
1112 4370 1228 4423 eius
1251 4370 1304 4422 R
1327 4370 1448 4423 m'de
1469 4370 1589 4423 diss.
1612 4380 1668 4434 p.
1697 4373 1827 4431 140·
1860 4395 1899 4406 -
1933 4369 2182 4433 quotidie
2204 4368 2257 4420 R
2291 4395 2330 4405 -
2371 4385 2437 4433 14
2459 4369 2631 4421 salem
2653 4368 2748 4421 SA
2781 4393 2818 4403 -
2854 4381 2874 4416 ι
2881 4378 2908 4427 ς
3068 4380 3081 4470 1

463 4472 516 4513 at
544 4477 582 4527 ς,
609 4473 705 4515 aut
733 4459 876 4512 SAR
911 4487 948 4497 -
983 4459 1234 4524 pluuiam
1260 4459 1300 4512 S
1333 4486 1372 4496 -·
1413 4473 1475 4523 17
1505 4458 1597 4511 elu
1623 4457 1686 4511 8ι
1708 4484 1748 4494 -
1769 4474 1838 4511 ne
1866 4457 1965 4510 ubi
1992 4457 2085 4511 SA
2106 4484 2144 4495 -
2171 4458 2233 4510 18
2262 4457 2550 4521 paululum
2578 4454 2913 4522 Ahjmfoy-
3082 4485 3087 4512 κ,

467 4549 735 4602 adsiccata
758 4548 798 4600 S
832 4575 870 4586 -
910 4565 974 4612 19
998 4546 1120 4612 quit
1142 4547 1205 4599 S¹
1239 4575 1278 4585 -·
1299 4564 1370 4602 20
1391 4548 1494 4601 hae
1515 4547 1609 4601 SA
1628 4574 1666 4584 -
1688 4547 1953 4599 salsuram
1975 4546 2090 4601 8¹A
2110 4571 2149 4584 -·
2170 4563 2238 4600 22
2256 4557 2340 4611 pr.
2365 4545 2608 4610 SAhryv
2628 4573 2669 4584 -
2690 4562 2756 4610 ²³
2782 4555 2910 4597 tem·
3070 4519 3087 4822 Ι

462 3929 515 3981 Α
547 3955 585 3965 -
621 3942 654 3993 7
682 3927 872 3993 proclo
897 3927 938 3979 S
972 3953 1011 3964 -
1046 3928 1079 3979 8
1105 3925 1279 3990 proeli
1306 3923 1472 3978 SAhs
1498 3951 1537 3961 -
1579 3940 1643 3977 10
1668 3936 1882 3989 separet
1908 3922 2001 3977 dtl
2024 3941 2276 3989 separare
2301 3924 2444 3977 SAR
2478 3951 2516 3961 -
2551 3935 2720 3990 atque
2744 3921 2922 3988 scripsi
3074 3895 3088 4046 ί

3072 4067 3088 4226 ἓ
