3109 5559
1148 260 1248 303 nm
1299 236 1606 304 Rvsricjtr:
1654 261 1765 305 Lus.
1815 263 1850 305 11
1900 284 1942 315 c.
1986 273 2069 308 20.
2111 266 2169 302 21
2638 231 2783 317 '105

517 417 730 478 reteri
799 415 1067 491 debent,
1118 436 1268 478 nam
1317 431 1569 498 quanto
1615 432 1769 482 sunt
1814 420 2229 501 expolitiora,
2280 423 2494 484 minus
2557 441 2596 483 a
2650 440 2788 482 cur·

516 522 906 586 culionibus
973 523 1373 598 exeduntur;
1443 527 1544 587 sin
1601 527 1898 607 protinus
1963 528 2107 590 usui
2153 529 2582 604 destinantur,
2632 526 2789 590 nihil

521 631 792 693 adtinet
863 628 1147 711 repoliri,
1219 633 1509 713 satisque
1578 643 1680 695 est
1750 634 1814 695 in
1886 635 2115 697 umbra
2174 635 2540 713 refrigerari
2586 645 2653 696 et
2701 635 2790 695 ita

524 738 847 819 granario
917 736 1153 800 inferri.
1258 738 1661 820 leguminum
1732 761 1994 822 quoque
2067 763 2195 803 non
2268 741 2396 804 alia
2467 760 2624 803 cura
2694 752 2794 802 est

468 878 499 929 5
523 864 738 926 quam
787 843 1182 925 reliquorum
1226 845 1719 919 frumentorum,
1754 867 1904 910 nam
1940 868 2020 911 ea
2052 868 2322 929 quoque
2353 846 2457 910 uel
2495 846 2610 886 *¹⁸⁸*
2644 867 2793 909 con·

528 954 803 1015 duntur.
898 963 1099 1033 atque
1167 953 1294 1014 hoc
1361 974 1738 1033 supremum
1803 966 1906 1017 est
1951 955 2229 1017 aratoris
2276 952 2793 1017 emolumentum

532 1060 1118 1140 percipiendorum
1163 1061 1506 1134 seminum,
1556 1082 1728 1142 quae
1775 1074 1985 1123 terrae
2031 1062 2404 1125 crediderit.

720 1165 857 1229 Sed
927 1185 1076 1228 cum
1150 1179 1284 1228 tam
1353 1169 1469 1230 otii
1539 1188 1738 1249 quam
1808 1168 2057 1250 negotii
2125 1169 2444 1231 rationem
2512 1168 2788 1229 reddere
2811 1159 2878 1223 2]

538 1273 830 1335 maiores
876 1274 1080 1336 nostri
1129 1286 1544 1349 censuerunt,
1588 1295 1711 1337 nos
1743 1296 2009 1356 quoque
2041 1276 2417 1338 monendos
2449 1294 2598 1337 esse
2630 1275 2796 1355 agri-

453 1418 518 1453 10
538 1378 726 1441 colas
795 1379 1272 1456 existimamuS,
1329 1401 1500 1461 quae
1546 1381 1723 1445 seriis
1770 1382 1986 1445 facere
2034 1403 2344 1463 quaeque
2397 1401 2530 1443 non
2580 1380 2796 1443 facere

544 1486 855 1548 debeant.
950 1498 1102 1548 sunt
1146 1488 1342 1563 enim,
1394 1500 1464 1550 ut
1513 1490 1606 1552 ait
1654 1502 1871 1571 poeta,
1921 1510 2090 1571 quae

1455 1615 1681 1678 festis
1727 1634 2101 1678 exercere
2150 1615 2435 1677 diebus

642 1703 759 1766 sas
805 1716 883 1768 et
927 1703 1093 1766 iura
1140 1705 1434 1766 sinunt:
1487 1706 1698 1767 riuos
1744 1706 2143 1768 deducere
2191 1702 2401 1765 nulla

642 1792 925 1874 religio
971 1794 1242 1863 uetuit,
1291 1795 1550 1875 segeti
1600 1796 2131 1874 praetendere
2177 1811 2522 1873 saepem,

475 1916 531 1967 ¹5
641 1884 978 1947 iusidias
1025 1883 1304 1945 auibus
1353 1882 1628 1955 moliri,
1682 1883 2108 1946 incendere
2157 1902 2441 1963 uepres

635 1972 1196 2053 balantumque
1255 1992 1571 2053 gregem
1635 1971 1881 2034 fluuio
1945 1991 2286 2034 mersare
2332 1969 2651 2033 salubri.

552 2117 947 2178 quamquam
996 2096 1342 2178 pontifices
1389 2108 1638 2178 negant
1684 2109 1980 2178 segetem
2031 2097 2204 2159 feriis
2235 2096 2481 2175 saepiri
2514 2095 2799 2169 debere;
2830 2109 2863 2153 2

552 2215 777 2267 uetant
841 2225 1106 2286 quoque
1172 2202 1462 2266 lanarum
1528 2224 1731 2266 causa
1779 2203 1977 2266 lauari
2026 2224 2191 2265 oues
2238 2203 2364 2265 nisi
2412 2203 2467 2264 si
2522 2212 2796 2282 propter

556 2311 963 2374 medicinam.
1057 2311 1410 2392 VergiliuS,
1481 2310 1660 2392 quod
1733 2311 1924 2373 liceat
1995 2310 2168 2373 feriis
2215 2310 2479 2372 flumine
2528 2308 2797 2371 abluere

480 2453 540 2489 20
556 2438 844 2499 gregem,
880 2418 1196 2500 praecipit
1220 2430 1289 2480 et
1319 2419 1566 2480 idcirco
1599 2418 1799 2480 adicit
1833 2417 2074 2480 fluuio
2109 2436 2446 2479 mersare
2478 2415 2793 2489 salubri,

557 2526 618 2587 id
667 2535 771 2587 est
815 2524 1108 2599 salutari;
1156 2536 1309 2588 sunt
1356 2526 1531 2587 enim
1582 2525 1758 2600 uitia,
1808 2545 2084 2607 quorum
2133 2544 2333 2587 causa
2382 2543 2586 2605 pecus
2642 2519 2797 2583 utile

557 2632 639 2694 sit
685 2631 922 2696 lauare.
1003 2632 1176 2695 seriis
1223 2643 1444 2695 autem
1492 2634 1654 2695 ritus
1701 2634 2016 2695 maiorum
2065 2635 2263 2694 etiam
2313 2631 2420 2694 illa
2454 2629 2797 2712 permittit:
2824 2643 2859 2705 3

559 2739 653 2802 sar
720 2740 983 2820 pinsire,
1057 2739 1231 2802 faces
1302 2740 1610 2815 incidere,
1682 2739 1992 2802 candelas
2038 2740 2293 2810 sebare‚
2342 2740 2603 2800 uineam
2651 2756 2801 2797 con·

741 2899 758 2934 1
805 2886 952 2934 reteri
990 2887 1034 2932 Β
1059 2886 1265 2948 reperiri
1293 2885 1328 2931 8
1353 2886 1597 2948 repperiri
1624 2886 1663 2932 A
1808 2885 2188 2945 curculionibus
2213 2886 2247 2931 S
2391 2884 2595 2946 potinus
2617 2883 2655 2929 Δ

557 2970 843 3038 destjnant''
879 2972 1025 3038 (destj
1054 2981 1226 3037 postea
1263 2991 1354 3021 scr.
1392 2977 1448 3022 in
1488 2972 1611 3029 ras.)
1647 2975 1681 3021 S
1825 2988 1855 3037 3
1896 2976 2068 3022 attinet
2106 2974 2227 3021 SAR
2362 2981 2479 3035 post
2514 2973 2594 3021 uel
2640 2976 2799 3020 mani-

539 3066 674 3129 seste
709 3065 859 3111 hiant
891 3064 1009 3111 SAR
1044 3064 1377 3112 absumuntur
1424 3065 1589 3111 statim
1629 3065 1709 3112 uel
1745 3065 1920 3111 inculc.
1960 3065 1987 3109 t.
2027 3064 2194 3111 statim
2231 3064 2566 3111 absumuntur
2605 3062 2683 3109 uel
2724 3063 2797 3109 ed.

556 3156 672 3204 ΑΜ.
711 3153 795 3201 uel
833 3153 1083 3201 cuduntur
1119 3152 1200 3200 uel
1227 3162 1551 3215 proteruntur
1573 3165 1609 3212 p
1753 3154 1785 3200 6
1807 3168 2130 3215 suppremum
2156 3154 2199 3199 Β
2212 3154 2438 3216 plerique
2585 3164 2612 3212 7
2640 3152 2797 3214 preci-

554 3244 858 3308 piendorum
896 3245 939 3290 Β
974 3244 1166 3306 aliquot
1307 3257 1419 3305 quae
1466 3258 1638 3304 perme
1676 3241 1750 3288 SA
1896 3242 2166 3289 crediderit
2212 3244 2412 3304 stapsi:
2449 3241 2688 3290 ceciderit
2727 3242 2800 3287 SA

555 3333 842 3382 crediderat
877 3332 922 3379 Β

737 3422 879 3470 xxj.
953 3422 1067 3485 ng
1121 3437 1212 3484 per
1261 3423 1412 3469 ferias
1451 3422 1599 3469 liceat
1636 3421 1874 3484 agricolis
1912 3431 1961 3469 et
1997 3434 2095 3483 que
2134 3437 2235 3468 non
2276 3421 2423 3468 liceat
2461 3421 2626 3467 facere
2665 3420 2801 3466 mbr.

554 3527 590 3572 q
625 3515 683 3560 in
722 3528 885 3574 marg.
922 3513 956 3558 d
1001 3508 1136 3567 (add.
1176 3512 1236 3560 C.
1275 3508 1471 3565 XXVI)
1508 3513 1556 3565 t;
1595 3512 1677 3573 cfr
1708 3512 1853 3573 infra
1878 3527 1929 3558 u.
1959 3525 2027 3558 ιο
2173 3524 2205 3571 9
2234 3512 2398 3558 facere
2424 3512 2659 3556 omissum
2685 3526 2722 3556 s.
2752 3525 2801 3555 u.

555 3604 671 3650 add.
730 3618 795 3648 m.
851 3610 945 3650 aet.
1001 3604 1057 3648 in
1097 3600 1131 3646 S
1282 3613 1345 3648 10
1389 3608 1506 3662 post
1550 3600 1769 3648 debeant
1816 3601 1951 3647 mehr.
1998 3601 2130 3647 titul.
2187 3601 2362 3647 inculc.
2430 3612 2506 3646 11.
2546 3600 2627 3647 De
2666 3599 2804 3646 seriis

557 3694 763 3739 maiust.
814 3690 849 3736 S
885 3691 964 3738 De
1002 3690 1142 3738 feriis
1166 3690 1205 3737 A
1245 3690 1515 3738 XXVIIII.
1555 3690 1637 3738 De
1675 3690 1813 3737 feriis
1849 3692 1904 3736 in
1942 3705 2104 3751 marg.
2146 3690 2281 3737 rubr.
2310 3701 2337 3735 s
2374 3689 2486 3751 Que
2526 3705 2617 3752 per
2654 3689 2804 3735 serias

555 3782 678 3828 licet
713 3780 952 3843 agricolis
989 3780 1032 3827 &
1070 3794 1168 3842 que
1206 3776 1275 3827 ηδ
1312 3780 1462 3828 liceat
1500 3781 1664 3828 facere
1703 3777 1766 3840 Ep
1806 3779 2055 3827 XXVIIII
2096 3791 2147 3825 m
2322 3791 2380 3826 12
2437 3779 2579 3839 Verg.
2625 3780 2801 3837 Georg.

557 3883 606 3925 ι,
633 3874 725 3911 m
760 3884 868 3932 sqq.
902 3884 1137 3918 exercere
1174 3870 1315 3916 sestis
1352 3869 1534 3917 diebus
1573 3869 1647 3916 SA
1804 3883 1864 3929 ¹4
1904 3878 2072 3931 segete
2111 3868 2185 3915 SA
2340 3880 2397 3929 17
2438 3883 2723 3931 quanquam
2764 3870 2805 3914 Β

545 3960 779 4021 plerique
939 3968 1124 4021 negant
1160 3957 1195 4003 S
1230 3955 1279 4012 (e
1317 3974 1355 4005 s.
1396 3974 1426 4004 a
1463 3973 1528 4005 m.
1569 3956 1682 4013 rec.)
1718 3959 1754 4005 A
1794 3968 1981 4020 negent
2020 3958 2063 4004 Β
2229 3958 2381 4020 sapiri
2420 3956 2469 4009 (a
2504 3960 2559 4004 in
2601 3973 2641 4005 ae
2681 3966 2800 4003 mut.

559 4065 626 4096 m.
667 4049 754 4095 alt.
792 4047 853 4105 ὃς
893 4063 922 4094 e
958 4063 996 4093 s.
1034 4064 1065 4095 a
1101 4063 1166 4095 tn.
1206 4063 1297 4096 rec.
1339 4046 1397 4099 A)
1437 4048 1573 4094 seriis
1610 4048 1684 4094 SA
1837 4048 1896 4095 18
1936 4048 2105 4095 lauare
2143 4047 2218 4094 SA
2403 4048 2442 4094 si
2483 4063 2576 4094 om.
2620 4047 2662 4092 Β

566 4151 630 4197 19
671 4136 903 4200 uirgilius
940 4139 981 4183 Β
1144 4137 1363 4185 frumine
1400 4134 1434 4190 (l
1474 4153 1512 4182 s.
1554 4153 1579 4184 r
1616 4151 1679 4183 ne.
1718 4136 1836 4191 aet.)
1874 4138 1909 4183 A
2077 4150 2137 4184 21
2184 4138 2235 4184 id
2273 4146 2348 4184 est
2386 4136 2589 4184 salutari
2627 4151 2721 4182 om.
2760 4135 2806 4181 Β

560 4230 755 4290 aliquot
901 4238 963 4275 22
999 4225 1170 4274 labare
1195 4226 1230 4273 8
1266 4227 1422 4273 lauari
1462 4227 1505 4272 Β
1542 4227 1735 4288 aliquot
1878 4228 1971 4274 ritu
2009 4226 2083 4273 SA
2236 4239 2297 4288 ²3
2341 4227 2415 4273 sar
2452 4225 2652 4288 pensire
2677 4221 2803 4286 (pin-

565 4332 677 4364 sere
713 4307 810 4363 δἐι
852 4316 1051 4378 pinsere
1090 4307 1159 4371 t’)
1195 4315 1241 4361 Β
1277 4316 1385 4362 saro
1425 4316 1611 4362 instare
1635 4315 1669 4361 S
1694 4317 1831 4362 farao
1859 4317 2039 4362 instare
2067 4317 2105 4363 Δ
2254 4316 2431 4362 sebare
2458 4314 2534 4361 SR
2560 4328 2735 4361 souare
2761 4313 2805 4360 Β
