3109 5559
2090 202 2211 268 Rei
2240 201 2519 268 rusticae
2548 202 2558 267 1

785 377 996 445 factae
1044 378 1260 445 scrobi
1310 379 1699 465 operculum
1748 379 2089 466 inponitur
2136 393 2202 446 et
2251 379 2505 465 paleato
2555 383 2557 442 ἶ

784 507 997 571 eaque
1020 484 1286 564 humus,
1316 507 1483 572 quae
1508 484 1722 552 fuerat
1746 499 1983 572 egesta,
2011 499 2557 572 superaggeratur

629 622 737 672 3ο
786 591 967 657 dolio
1000 591 1142 657 fieri
1175 605 1412 678 potest,
1449 592 1592 658 siue
1627 591 1776 678 quis
1810 591 1990 658 uolet
2023 592 2378 658 resolutam
2410 606 2558 658 terra

632 1386 727 1437 ³5

636 2452 727 2503 45

638 2986 733 3038 50

786 698 978 764 dium
1014 720 1133 764 uas
1167 698 1423 764 adicere
1460 721 1598 778 seu,
1640 698 1822 785 quod
1861 698 2132 785 quidam
2170 698 2444 778 malunt,
2484 698 2558 765 flt

784 818 1133 891 ceteraque
1164 805 1396 871 eadem
1428 805 1678 871 ratione
1709 826 2036 892 peragere.

786 1069 1020 1136 Aliter

873 1266 919 1329 5
962 1247 1222 1314 Poenus
1263 1248 1535 1335 quidem
1577 1248 1782 1335 Mago
1824 1248 2141 1335 praecipit
2179 1270 2421 1335 aquam
2460 1271 2558 1314 ma

785 1352 1067 1420 calefieri
1100 1368 1166 1421 et
1200 1355 1268 1421 in
1302 1377 1378 1420 ω
1410 1354 1583 1421 mala
1613 1368 1899 1441 granata,
1936 1355 2071 1420 lino
2105 1354 2214 1421 uel
2247 1369 2468 1441 sparto
2504 1355 2558 1439 1i2

788 1460 984 1540 mitti,
1030 1461 1193 1527 dum
1236 1461 1714 1541 decolorentur,
1758 1475 1825 1528 et
1865 1475 2168 1547 exempta
2208 1483 2326 1547 per
2366 1459 2558 1527 tridui

788 1581 1017 1653 postea
1062 1567 1207 1633 loco
1254 1566 1493 1655 frigido
1540 1567 1876 1654 suspendi,
1926 1582 2011 1648 et,
2061 1590 2216 1634 cum
2262 1590 2366 1634 res
2411 1590 2558 1654 exeg

788 1688 1054 1760 postero
1087 1673 1193 1739 die
1225 1696 1437 1760 usque
1469 1673 1540 1739 in
1571 1695 1717 1740 eam
1748 1673 1999 1754 horam,
2036 1696 2167 1761 qua
2198 1673 2396 1741 fuerit
2427 1688 2558 1740 ute1

791 1779 967 1846 dulci
1008 1780 1338 1846 macerari.
1382 1780 1499 1846 sed
1538 1795 1605 1847 et
1644 1780 1821 1846 idem
1860 1795 2087 1847 auctor
2125 1794 2224 1847 est
2262 1795 2437 1847 creta
2475 1779 2558 1867 fig

788 1886 1074 1952 recentia
1118 1886 1288 1952 mala
1332 1908 1544 1953 crasse
1590 1885 1850 1953 inlinire
1895 1901 1980 1966 et,
2029 1910 2184 1953 cum
2212 1886 2451 1973 *argilla
2496 1910 2558 1952 e)

788 1992 1211 2079 suspendere,
1252 2015 1427 2073 mox,
1469 2014 1625 2059 cum
1661 1993 1946 2080 exegerit
1984 2015 2162 2073 usus,
2205 1993 2274 2059 in
2311 2015 2481 2079 aqua
2520 1995 2558 2060 d

789 2097 1134 2165 resoluere.
1193 2098 1355 2165 haec
1408 2099 1574 2166 ratio
1627 2113 1967 2185 tamquam
2022 2098 2547 2166 recentissimum

791 2209 836 2269 6
875 2205 1054 2271 idem
1082 2204 1265 2272 iubet
1293 2205 1499 2292 Mago
1528 2206 1597 2271 in
1625 2226 1823 2271 urceo
1850 2228 2029 2272 nouo
2056 2204 2242 2271 fictili
2268 2205 2558 2272 substerr

788 2334 984 2379 neam
1005 2310 1114 2377 uel
1135 2311 1524 2398 ilignea<m>
1550 2326 1616 2378 et
1639 2311 1728 2378 ita
1751 2312 2118 2398 disponere,
2144 2325 2220 2378 ut
2241 2311 2459 2377 scobis
2481 2313 2558 2379 in‘

789 2418 1031 2485 deinde
1061 2417 1237 2484 facto
1269 2419 1486 2505 primo
1519 2417 1812 2485 tabulato
1845 2440 2071 2484 rursus
2103 2417 2373 2484 scobem
2404 2418 2558 2485 subs

786 2524 960 2591 mala
993 2524 1360 2612 disponere,
1399 2524 1621 2611 itaque
1653 2524 1747 2590 sic
1779 2524 2011 2604 facere,
2049 2524 2260 2590 donec
2292 2546 2528 2591 urceus

786 2631 988 2697 fuerit
1026 2630 1334 2717 repletus,
1375 2630 1764 2717 operculum
1803 2631 2118 2718 inponere
2156 2644 2222 2697 et
2258 2652 2477 2697 crasso
2515 2631 2558 2696 11

788 2737 951 2804 nire.
1041 2755 1085 2819 7
1127 2759 1324 2804 omne
1356 2751 1579 2804 autem
1611 2759 1910 2825 pomum,
1946 2737 2179 2858 quod
2162 2760 2232 2803 in
2264 2751 2556 2804 uetustat·

786 2843 1060 2931 peciolis
1103 2844 1241 2910 suis
1285 2843 1639 2931 legendum
1683 2858 1801 2923 est,
1850 2845 1987 2924 sed,
2034 2844 2090 2909 si
2135 2843 2277 2910 sine
2321 2843 2556 2911 arboris

785 2950 987 3018 etiam
1017 2971 1172 3016 cum
1204 2950 1493 3030 ramulis;
1526 2973 1683 3017 nam
1712 2972 1788 3016 ea
1817 2973 1921 3016 res
1952 2949 2313 3036 plurimum
2344 2951 2428 3017 ad
2459 2972 2554 3036 pe]

784 3233 989 3300 Mala
1016 3233 1343 3321 cydonea
1371 3233 2018 3320 quemadmodum
2047 3244 2430 3300 seruentur

876 3411 1083 3478 Multi
1121 3433 1277 3477 cum
1319 3411 1588 3478 ramulis
1626 3411 1763 3477 suis
1802 3410 2020 3477 arbori
2060 3410 2413 3478 detrahunt
2453 3425 2538 3490 et,

786 3517 1135 3603 diligenter
1178 3518 1348 3584 mala
1391 3518 1775 3598 obruerunt,
1823 3518 1893 3583 in
1936 3517 2072 3583 sole
2116 3517 2381 3596 siccant,
2429 3517 2544 3583 dei:

785 3638 965 3690 creta
996 3623 1171 3704 fecit,
1206 3624 1345 3691 luto
1376 3624 1595 3691 linunt
1625 3638 1690 3691 et
1720 3624 2042 3691 adsiccata
2072 3622 2312 3710 frigido
2342 3624 2487 3690 loco
2519 3646 2544 3689 s

782 3925 963 3978 humo
988 3923 1156 3977 S¹AR
1188 3951 1227 3961 -
1261 3935 1754 3989 superaggerentur
1776 3924 1830 3976 Α
1853 3934 2304 3989 superaggeretur
2326 3923 2380 3975 R
2414 3950 2451 3960 -
2487 3939 2538 3987 31

782 4010 2527 4078 SeiciturAR-quotA-33pr‚SAh-35eadqpeo

782 4101 996 4156 dimitti
1020 4102 1125 4155 AR
1149 4129 1188 4139 -
1211 4103 1278 4167 36
1305 4103 1687 4156 decolorentur
1711 4102 1885 4167 S¹my
1906 4128 1945 4138 -
1968 4118 2036 4166 39
2062 4101 2225 4154 dulce
2249 4100 2354 4153 AR
2374 4127 2413 4137 -
2432 4117 2505 4164 40
2530 4119 2536 4152 ι

781 4190 1038 4244 exharuit
1056 4190 1097 4244 S
1131 4218 1170 4228 -
1203 4206 1267 4255 4ι
1293 4191 1583 4243 demittere
1602 4191 1646 4243 fl
1665 4191 1939 4244 dimittere
1958 4190 2102 4244 SAR
2135 4216 2172 4227 -
2206 4205 2277 4254 42
2297 4189 2534 4242 custodit

781 4280 1127 4347 populneam
1163 4287 1187 4332 t
1222 4281 1567 4345 populneum
1603 4279 1747 4333 SAR
1779 4307 1818 4317 -
1850 4296 1924 4344 44
1958 4279 2216 4344 iligneam
2251 4277 2362 4331 utb
2398 4278 2531 4342 ilign

781 4369 1012 4423 scrobes
1035 4367 1099 4434 hi
1133 4395 1172 4405 -
1207 4370 1276 4433 46
1303 4369 1488 4435 itaque
1513 4369 1593 4421 sic
1618 4368 1795 4421 facere
1820 4385 1919 4420 om.
1946 4367 2051 4420 AR
2084 4393 2123 4404 -
2156 4368 2362 4420 urcilus
2386 4364 2532 4430 sAb:

781 4453 2530 4526 pleatusA-490iom.S¹AR-arboriisS-51pr.SA!

780 4547 1057 4613 cydoniae
1078 4546 1119 4600 S
1142 4547 1418 4611 cydoneae
1441 4547 1495 4599 Α
1515 4547 1778 4599 cidoneae
1801 4545 1847 4599 h
1868 4546 2098 4598 cidonea
2119 4561 2153 4598 r
2186 4573 2225 4583 -
2261 4561 2331 4611 54
2355 4543 2528 4595 adsies
