3109 5559
1093 336 1195 380 REI
1240 337 1550 383 Rvs‘rtciu:
1597 337 1711 382 Lm.
1761 338 1780 381 1
1819 341 1865 373 C·
1910 341 1933 375 1
2567 327 2641 392 17

434 493 799 557 Philometor
844 506 911 558 et
959 494 1246 559 Attalus,
1339 497 1654 561 Athenae
1703 517 1862 559 uero
1909 495 2302 577 scriptorum
2346 492 2645 572 frequen·

435 602 558 663 tiam
620 615 1044 683 pepererunt,
1116 626 1154 668 e
1221 624 1350 686 qua
1421 603 1870 687 probatissimi
1943 612 2248 664 auctores
2295 598 2646 673 Chaereas,

430 706 848 782 AristandroS‚
882 709 1386 791 Amphilochu3‚
1422 712 1864 794 Euphronius,
1899 709 2216 773 Chrestus
2240 739 2328 751 —
2353 705 2650 786 Euphro-

430 814 546 877 nius
588 836 746 891 non,
795 827 868 879 ut
916 817 1102 879 multi
1149 832 1403 901 putant,
1455 817 1975 902 Amphipolites,
2010 817 2119 898 qui
2153 824 2222 878 et
2254 815 2395 896 ipse
2430 811 2648 874 lauda·

390 920 550 998 sbilis
612 922 895 985 habetur
940 925 1248 1005 agricola,
1320 927 1441 988 sed
1512 927 1826 1008 indigena
1894 922 2017 986 soli
2075 921 2305 984 Attici.
2398 918 2713 998 insulae9

427 1047 663 1110 quoque
734 1049 957 1093 curam
1028 1033 1219 1094 istam
1277 1032 1795 1108 celebrauerunt,
1846 1042 1918 1095 ut
1963 1031 2152 1094 testis
2199 1040 2302 1090 est
2327 1026 2651 1089 1Rhodius

426 1132 755 1217 Epigenes,
805 1136 1008 1200 Chius
1055 1138 1491 1221 Agathocles,
1538 1140 1821 1221 Euagon
1867 1150 1936 1202 et
1969 1135 2368 1218 Anaxipolis
2400 1134 2648 1196 Thasii.

426 1242 588 1305 unius
632 1263 904 1325 quoque
952 1247 1038 1308 de
1085 1258 1345 1328 septem
1390 1247 1646 1310 Biantis
1691 1246 1860 1311 illius
1902 1244 2258 1328 populares
2289 1242 2652 1305 Menander

425 1360 481 1408 et
520 1349 851 1414 Diodorus
898 1354 962 1415 in
1013 1355 1238 1434 primis
1283 1356 1410 1419 sibi
1443 1355 1949 1418 uindicauerunt
1987 1350 2477 1434 agricolationis
2510 1369 2653 1430 pru·

358 1482 408 1518 ιο
423 1455 715 1520 dentiam.
809 1479 931 1522 nec
1002 1460 1103 1523 his
1170 1481 1429 1525 cessere
1508 1461 1745 1525 Milesii
1817 1460 2140 1524 Bacchius
2209 1468 2277 1520 et
2337 1456 2650 1531 Mnasias,

421 1560 784 1645 Antigonus
853 1566 1204 1647 Cymaeus
1276 1570 1723 1651 Pergamenus
1770 1566 2188 1650 Apollonius,
2238 1564 2414 1627 Dion
2463 1562 2653 1626 Colo·

418 1669 704 1749 phonius,
756 1673 1086 1755 Hegesias
1141 1676 1524 1740 Maronites,
1622 1697 1774 1740 nam
1821 1675 2086 1757 quidem
2121 1671 2510 1753 Diophanes
2556 1669 2654 1732 Bi·
2684 1686 2762 1730 10

420 1776 671 1856 thynius
718 1780 1102 1845 Uticensem
1150 1794 1364 1846 totum
1413 1784 1833 1864 Dionysium,
1881 1782 2081 1845 Poeni
2126 1780 2435 1861 Magonis
2467 1778 2654 1839 inter·

417 1897 647 1961 pretem
702 1907 818 1967 per
862 1888 1067 1952 multa
1112 1891 1419 1954 diffusum
1469 1890 1806 1953 uolumina
1845 1909 1966 1952 sex
2022 1888 2333 1969 epitomis
2384 1886 2654 1948 circum·

344 1994 685 2073 xsscripsit.
782 2006 848 2056 et
915 1995 1023 2058 alii
1095 2007 1317 2060 tamen
1388 1998 1823 2070 obscuriores,
1896 2014 2171 2078 quorum
2220 1994 2466 2076 patrias
2522 2011 2654 2053 non

416 2102 806 2180 accepimus,
881 2102 1150 2184 aliquod
1210 2104 1616 2186 stipendium
1677 2115 1905 2167 nostro
1951 2103 2172 2165 studio
2219 2098 2652 2164 contulerunt.

412 2202 473 2265 hi
525 2218 678 2269 sunt
737 2207 1139 2286 Androtion,
1189 2210 1585 2288 Aeschrion,
1635 2211 2117 2285 Aristomenes,
2165 2208 2654 2286 Athenagoras,

415 2309 656 2391 Crates,
693 2315 922 2392 nadis,
958 2318 1339 2398 Dionysius,
1373 2318 1760 2401 Euphyton,
1785 2318 2194 2399 Euphorion.
2259 2335 2383 2403 nec
2407 2315 2658 2377 minore
2689 2329 2752 2374 11

410 2417 534 2481 fide
590 2442 715 2503 pro
764 2423 927 2486 uirili
978 2436 1164 2505 parte
1212 2425 1526 2488 tributum
1576 2426 1771 2488 nobis
1818 2424 2173 2488 intulerunt
2220 2421 2657 2503 Lysimachus

587 2613 607 2648 1
642 2602 956 2663 philometer
980 2604 1064 2653 uel
1085 2606 1474 2668 phylometerB
1493 2607 1719 2671 plerique
1852 2619 1882 2655 2
1908 2611 2167 2668 peperunt
2188 2599 2268 2666 (re
2293 2618 2363 2651 ss.
2390 2617 2460 2649 m.
2488 2596 2659 2661 rec.)A

581 2705 612 2738 e
640 2705 745 2751 qua
768 2693 970 2755 scripsi:
998 2709 1182 2754 eaquae
1205 2688 1335 2744 8A6²
1375 2711 1437 2744 ea
1474 2710 1607 2760 eque
1633 2711 1661 2745 s
1700 2711 1851 2757 aeque
1877 2696 1958 2743 uel
1978 2708 2112 2755 eque
2138 2695 2183 2742 Β
2208 2709 2238 2741 e
2263 2691 2412 2753 queis
2437 2690 2512 2738 ed.
2540 2688 2658 2737 ΑΜ.

585 2789 616 2839 3
658 2780 979 2830 arimndres
1003 2778 1087 2831 0⁶¹
1123 2784 1445 2833 anthandros
1471 2785 1508 2833 ὃ
1543 2785 1840 2834 aristandus
1868 2787 1902 2832 b
1928 2783 2128 2832 arontis
2154 2796 2190 2831 n
2335 2780 2659 2841 amphilocus

402 2867 523 2915 sut
697 2870 1018 2930 euphronius
1050 2866 1165 2921 ’ἰδ’
1224 2874 1547 2935 eyphronius
1585 2875 1620 2922 8
1673 2873 2032 2938 eyphyroniua
2069 2875 2109 2921 A
2163 2869 2521 2934 euphyronius
2573 2870 2660 2917 d-

401 2957 750 3018 euphironius
788 2961 929 3020 uoq}
964 2962 1321 3022 euphiromius
1357 2965 1392 3012 b
1429 2963 1754 3024 euphormus
1789 2976 1826 3023 p
1862 2962 2185 3024 euphorbiue
2209 2964 2237 3011 t.
2260 2959 2661 3021 emphironiusl

582 3055 795 3098 creatus
840 3054 883 3099 Β
938 3051 1131 3113 aliquot
1308 3051 1644 3114 Euphronius
1710 3052 2128 3102 Ren'tunsteinius
2183 3050 2545 3115 praeeuntibus
2604 3063 2664 3094 ex

391 3141 545 3198 paru
586 3136 782 3187 Ursino
817 3145 863 3186 et
895 3139 1206 3188 Pontedera:
1243 3142 1551 3202 euphrontis
1588 3143 1710 3191 SAR
1861 3156 1895 3203 4
1935 3149 1989 3191 et
2023 3143 2137 3204 ipse
2175 3144 2218 3189 Β
2255 3148 2308 3188 et
2346 3155 2466 3189 esse
2504 3133 2661 3187 &⁴⁸6¹

396 3241 499 3272 om.
543 3224 605 3276 ἀι
755 3240 785 3292 5
826 3230 1082 3293 agricolas
1119 3233 1164 3279 ἃ
1200 3230 1443 3294 indigene
1479 3232 1545 3287 (ἃ
1585 3233 1639 3280 in
1666 3233 1732 3282 ed
1759 3237 1889 3281 mut.
1917 3248 1988 3279 m.
2017 3231 2126 3290 alt.)
2150 3233 2184 3278 S
2326 3230 2360 3279 6
2389 3227 2603 3278 hrodius
2629 3230 2663 3274 S

548 3329 578 3378 7
624 3321 672 3367 ἃ
711 3320 766 3366 in
804 3334 910 3368 ras.
949 3321 984 3368 8
1127 3321 1261 3370 thasi
1298 3323 1333 3370 S
1475 3333 1509 3381 9
1549 3321 1939 3384 agriculationis
1977 3324 2017 3370 A
2160 3320 2471 3383 prudentem
2499 3318 2570 3376 (in
2592 3333 2645 3366 ss

396 3423 467 3453 m.
489 3403 616 3470 rec.)
636 3411 679 3457 A
830 3421 894 3458 10
920 3415 1036 3457 ante
1060 3425 1274 3460 censere
1299 3426 1401 3459 ras.
1428 3413 1468 3459 A
1618 3413 1845 3461 munins
1864 3413 1898 3460 8
1924 3410 2211 3459 manassias
2231 3412 2271 3458 A
2297 3422 2601 3458 manassen
2621 3411 2664 3456 Β

537 3509 599 3546 11
648 3513 962 3561 pergamena
998 3500 1051 3556 (n
1088 3515 1130 3548 s.
1169 3515 1236 3549 eu
1273 3515 1368 3548 scr.
1408 3516 1479 3548 m.
1519 3500 1615 3548 alt.
1651 3507 1698 3547 et
1730 3517 1760 3549 e
1786 3500 1907 3549 add.
1935 3516 2005 3548 m.
2033 3498 2147 3555 rec.)
2173 3502 2213 3548 A
2372 3498 2662 3558 cholopho·

392 3587 512 3636 nius
551 3590 637 3637 SA
800 3599 863 3635 12
919 3588 1000 3636 hic
1036 3591 1081 3637 ἃ
1107 3589 1185 3638 iu
1222 3590 1470 3639 mariotes
1507 3592 1542 3638 S
1596 3590 1858 3653 (hegesias
1897 3589 2179 3639 maronites
2218 3605 2289 3637 m.
2327 3588 2441 3643 rec.)
2481 3590 2520 3637 A

391 3677 619 3726 bitiniue
661 3680 741 3724 uel
777 3678 1021 3728 bithinius
1059 3680 1140 3726 uel
1172 3680 1459 3742 bytthinius
1497 3681 1542 3728 Β
1697 3689 1758 3741 13
1797 3679 2072 3728 dionisium
2114 3680 2148 3727 8
2184 3679 2239 3741 (y
2276 3694 2344 3727 ss.
2385 3694 2456 3726 m.
2487 3678 2598 3734 rec.)
2625 3680 2660 3726 A

386 3773 435 3814 et
456 3768 507 3816 Β
535 3768 746 3829 aliquot
891 3778 951 3828 17
993 3768 1278 3818 androcion
1309 3771 1349 3817 A
1495 3768 1773 3818 aeschrion
1810 3769 1890 3816 uel
1924 3767 2169 3817 eschrion
2196 3769 2362 3828 dqufl
2399 3767 2604 3816 escrion
2633 3782 2663 3816 c

389 3857 660 3906 aeschion
699 3859 775 3905 SA
801 3858 1022 3907 oesciron
1062 3859 1143 3906 uel
1175 3858 1381 3906 esciron
1422 3860 1645 3918 abnuo
1682 3858 1961 3907 aeschirion
2001 3856 2085 3905 uel
2119 3858 2382 3906 eschirion
2419 3859 2523 3917 gt&

389 3944 454 3995 18
496 3947 668 3996 dadis
707 3948 752 3995 Β
789 3947 953 3996 eladis
999 3947 1080 3994 uel
1114 3947 1282 3996 cladis
1319 3948 1512 4007 agitat
1547 3947 1733 3995 dandis
1770 3948 1882 4007 SAp
2028 3946 2301 4009 dionysius
2336 3943 2448 4007 (sed
2478 3962 2514 4008 y
2552 3962 2613 3993 ex
2650 3947 2663 3993 i

373 4032 625 4096 factum)
668 4037 707 4084 A
755 4036 1026 4098 dyonisius
1063 4038 1126 4085 Se
1152 4035 1407 4085 dionisius
1432 4035 1512 4083 uel
1539 4035 1817 4098 dyonisius
1841 4038 1886 4084 Β
2012 4037 2259 4097 euphiton
2293 4038 2376 4084 uel
2397 4036 2662 4097 emphiton

379 4128 423 4174 Β
450 4127 707 4189 eyheton
733 4126 807 4174 SA
935 4125 1228 4186 euphorion
1251 4120 1485 4183 ed’ssflw
1522 4126 1808 4187 eyphonon
1844 4127 1918 4174 SA
1945 4126 2225 4186 euphonon
2255 4121 2348 4174 bd¹
2375 4126 2662 4187 eupherion

376 4230 413 4274 p
436 4214 721 4277 euphorin
749 4228 785 4274 q
804 4214 1096 4275 euphocion
1124 4228 1152 4262 s
1178 4212 1483 4275 Euphorion
1510 4215 1795 4275 euphonon
1822 4212 1945 4271 (om.
1972 4214 2272 4278 Euphytou)
2296 4217 2334 4263 k
2478 4216 2665 4264 minori

375 4310 419 4356 Β
460 4306 687 4367 aliquot
841 4314 902 4362 19
943 4302 1030 4351 uili
1054 4301 1121 4361 (ri
1155 4318 1225 4350 ss.
1264 4317 1337 4349 m.
1376 4304 1489 4359 rec.)
1529 4305 1569 4351 A
1716 4303 1979 4352 lisimncus
2018 4307 2061 4352 Β
2093 4304 2322 4366 plerique
