3109 5559
680 256 793 301 REI
826 255 1147 302 RVSTICAE
1180 255 1308 301 LIB.
1344 255 1419 300 1x
1449 256 1507 302 C.
1546 256 1620 300 12
1653 255 1739 299 ET
1773 256 1847 315 13
2308 255 2388 318 99

163 417 328 489 uen'S,
370 436 501 497 quo
539 417 890 497 tithymalli
929 418 1116 479 floret
1157 418 1395 489 frutex,
1438 423 1504 479 et
1545 437 1676 497 quo
1706 436 1928 478 amara
1957 417 2116 479 ulmi
2144 417 2389 479 semina

162 543 265 586 sua
290 530 616 603 promunt.
649 544 802 585 nam
833 524 1018 604 quasi
1045 524 1231 585 nouis
1260 524 1467 604 pomis
1496 524 1594 585 ita
1620 524 1721 585 his
1749 524 2094 604 primitiuis
2123 524 2389 585 floribus

159 631 414 692 inlectae
458 631 644 692 auide
687 637 1036 692 uescuntur
1076 636 1223 711 post
1265 631 1598 692 hibernam
1643 631 1900 702 famem,
1945 631 2185 710 alioqui
2225 630 2389 692 citra

160 737 513 799 satietatem
545 737 662 799 tali
693 743 963 799 nocente
995 737 1158 799 cibo.
1193 757 1343 799 cum
1374 757 1441 799 se
1474 737 1749 799 adfatim
1782 738 2208 817 repleuerunt,
2244 756 2389 816 pro-

10 870 17 876 ⁷
109 862 140 911 5
160 843 346 905 fluuio
370 844 520 915 alui,
548 843 670 905 nisi
692 844 978 905 celeriter
999 844 1407 916 succurritur,
1431 844 1778 906 intereunt.
1805 863 1958 905 nam
1982 843 2390 923 tithymallus

158 950 458 1011 maiorum
500 969 756 1030 quoque
796 950 1171 1012 animalium
1211 956 1502 1012 uentrem
1543 950 1736 1012 soluit
1777 956 1842 1011 et
1885 950 2136 1030 proprie
2176 950 2389 1011 ulmus

157 1057 381 1137 apium.
425 1076 628 1136 eaque
658 1076 854 1118 causa
879 1062 976 1118 est
1004 1076 1117 1118 cur
1141 1057 1208 1118 in
1235 1057 1598 1136 regionibus
1625 1056 1854 1118 Italiae
1880 1075 2046 1137 quae
2071 1062 2225 1118 sunt
2251 1055 2389 1117 eius

155 1163 387 1243 generis
431 1163 764 1225 arboribus
809 1163 1092 1225 consitae
1125 1182 1267 1224 raro
1299 1163 1665 1243 frequentes
1698 1163 1928 1225 durent
1962 1182 2133 1242 apes,
2166 1163 2388 1241 itaque
2408 1171 2446 1231 3

155 1269 310 1330 ueris
346 1269 659 1349 principio
694 1270 749 1331 si
785 1270 1137 1331 medicatos
1173 1270 1349 1331 cibos
1385 1270 1713 1349 praebeaS,
1750 1270 1955 1331 isdem
1992 1268 2285 1331 remediis
2320 1275 2387 1330 et

66 1396 134 1430 10
154 1375 465 1456 prouideri
513 1382 727 1456 potest
776 1396 855 1437 ne
891 1377 1009 1438 tali
1046 1382 1224 1456 peste
1260 1382 1598 1447 uexentur,
1637 1382 1701 1437 et
1739 1395 1889 1437 cum
1923 1376 2053 1437 iam
2089 1376 2387 1437 laborant

151 1482 372 1543 sanari.
429 1502 582 1543 nam
636 1482 793 1544 illud
848 1483 1023 1562 quod
1077 1483 1374 1563 Hyginus
1425 1483 1730 1562 antiquos
1783 1490 2040 1544 secutus
2094 1489 2389 1543 auctores

151 1589 446 1669 prodidit,
488 1588 622 1668 ipse
661 1608 791 1650 non
832 1595 1133 1669 expertus
1172 1589 1545 1651 adseuerate
1584 1608 1714 1650 non
1755 1589 1981 1660 audeo,
2023 1587 2389 1650 uolentibus

149 1701 361 1756 tamen
391 1695 606 1756 licebit
636 1695 925 1774 experiri.
956 1695 1273 1775 siquidem
1302 1695 1625 1775 praecepit
1657 1695 1877 1774 apium
1906 1713 2190 1774 corpora,
2222 1713 2388 1773 quae
2407 1705 2448 1767 4

146 1820 302 1862 cum.
329 1801 641 1863 eiusmodi
681 1802 879 1881 pestis
915 1801 1193 1873 incessit,
1235 1802 1358 1863 sub
1397 1801 1565 1864 fauis
1604 1801 1955 1863 aceruatim
1994 1807 2255 1862 enectae
2295 1819 2389 1864 re·

53 1928 121 1977 15
144 1908 495 1987 periuntur,
537 1908 705 1969 sicco
742 1908 884 1970 loco
922 1927 1036 1987 per
1072 1907 1347 1969 hiemem
1385 1908 1668 1987 reposita
1704 1908 1872 1969 circa
1911 1906 2389 1987 aequinoctium

144 2033 433 2086 uernum,
468 2033 629 2075 ,cum
671 2014 1012 2075 clementia
1056 2014 1181 2075 diei
1224 2014 1515 2086 suaserit,
1563 2020 1710 2094 post
1753 2015 1981 2075 horam
2027 2014 2286 2076 tertiam
2312 2012 2387 2077 in

141 2121 341 2182 solem
374 2120 673 2200 proferre,
710 2120 1112 2201 ficulneoque
1145 2120 1353 2182 cinere
1387 2121 1672 2182 obruere.
1709 2139 1840 2199 quo
1875 2120 2049 2182 facto
2083 2120 2388 2181 adfirmat

217 2368 440 2405 11—100:
459 2370 489 2405 2
522 2355 604 2417 clr
645 2356 815 2406 Varro
844 2360 975 2407 rust.
999 2369 1051 2418 3,
1073 2356 1158 2414 16,
1179 2368 1280 2419 37:
1311 2356 1459 2407 Pliu.
1493 2361 1604 2406 nat.
1628 2369 1712 2414 ιι,
1737 2356 1833 2420 69,·
1864 2357 2088 2407 Aristol.
2108 2355 2171 2405 de
2196 2357 2386 2419 respir.

136 2458 188 2508 9·
226 2455 332 2507 475
355 2444 386 2494 b

214 2670 238 2705 1
273 2658 584 2721 tithymalli
619 2657 796 2720 (man
825 2654 901 2721 8¹)
935 2653 1079 2715 sdan
1107 2658 1398 2709 tithimani
1419 2654 1471 2707 A
1498 2659 1659 2709 tithi-
1682 2659 1771 2709 uel
1789 2659 1949 2709 thiu·
1973 2658 2062 2709 uel
2082 2660 2279 2709 thithi·
2303 2660 2392 2710 aet

128 2747 257 2797 titi·
288 2745 377 2796 ιιιι
404 2746 814 2810 tyt(h)imal(l)i
843 2743 895 2797 R
923 2747 1166 2797 thimani
1197 2757 1233 2805 p
1366 2747 1589 2797 fruetex
1606 2743 1658 2797 R
1675 2749 1877 2812 aliquot
2008 2762 2152 2812 quos
2168 2742 2389 2798 amm

128 2849 285 2900 quae
346 2820 516 2904 φψν
546 2835 664 2887 Pol.
883 2850 1106 2886 amaras
1132 2831 1219 2886 BA
1247 2850 1465 2886 samera
1495 2831 1520 2884 t
1699 2837 1867 2887 ulmis
1894 2832 1981 2887 BA
2190 2851 2220 2899 3
2253 2838 2386 2887 alio-

125 2924 276 2989 quin
304 2917 360 2972 R.
535 2925 683 2975 circa
712 2923 891 2994 κφιῑ
1078 2941 1113 2988 4
1143 2925 1475 2975 sacietatem
1503 2920 1555 2974 R
1585 2925 1790 2989 aliquot
1818 2926 2147 2975 sacietatem
2174 2922 2211 2976 8

126 3012 281 3078 ptali
310 3007 397 3062 BA
609 3014 739 3063 cibo
768 3029 870 3064 om.
902 3022 939 3071 p
1153 3027 1285 3063 cum
1313 3015 1386 3063 ad
1419 3028 1479 3063 se
1507 3009 1560 3062 A
1771 3016 2110 3079 repleuerint
2138 3011 2190 3065 R

125 3117 161 3165 5
196 3102 317 3151 albi
347 3099 382 3152 S
411 3102 558 3152 aluei
586 3098 638 3152 R
667 3102 872 3166 aliquot
1022 3108 1141 3167 post
1170 3116 1304 3156 uam
1333 3103 1455 3154 add.
1488 3107 1547 3153 et
1578 3099 1630 3153 R
1656 3103 1897 3168 plerique
2029 3104 2390 3168 tithymallus

128 3192 369 3254 (·malus
414 3187 493 3253 δ’)
545 3186 684 3249 ΜΨ
726 3191 1065 3243 tithimallus
1112 3186 1164 3239 A
1191 3192 1351 3242 tithi·
1382 3192 1471 3241 uel
1499 3192 1659 3242 thiti·
1690 3192 1778 3243 uel
1804 3193 2005 3243 thithi·
2036 3192 2125 3243 uel
2152 3193 2272 3242 titi·
2302 3193 2391 3244 uel

117 3278 593 3345 tyt(h)imal(l)us
620 3275 672 3329 R
699 3281 1045 3330 chitimallus
1073 3276 1094 3329 i
1121 3281 1466 3330 cithimallus
1495 3288 1527 3337 ο
1724 3295 1755 3344 7
1785 3283 1903 3343 cur]
1937 3282 2048 3330 erit
2076 3281 2210 3350 quxl

119 3371 186 3419 in
222 3369 547 3434 regionibus
589 3370 780 3418 italiae
809 3364 861 3418 R
886 3370 1220 3433 ingeniobus
1248 3369 1420 3419 taliae
1449 3364 1535 3419 SA
1751 3372 1889 3433 eius]
1921 3370 2076 3421 italie
2107 3376 2173 3440 φ

121 3459 158 3506 8
193 3458 431 3507 arbores
459 3453 496 3507 cl
524 3458 740 3507 arboris
769 3457 933 3526 (ιᾳιιιῑ
966 3474 1068 3508 om.
1100 3467 1136 3515 n
1351 3472 1386 3518 9
1417 3459 1563 3508 ueris
1591 3453 1678 3508 88.
1707 3459 1893 3509 herbis
1922 3454 1974 3507 A
2173 3460 2242 3522 si]
2276 3474 2335 3510 se
2365 3455 2390 3508 t

116 3563 238 3597 om.
271 3555 308 3604 p
521 3547 720 3596 iisdem
748 3542 800 3596 B
828 3547 1067 3612 plerique
1249 3560 1316 3595 10
1346 3548 1641 3611 prouidere
1668 3542 1822 3617 SAq)
2000 3549 2132 3597 talis
2159 3542 2212 3598 A

124 3650 193 3685 11
234 3635 461 3700 higinus
507 3630 593 3685 SA
638 3640 691 3684 et
739 3630 791 3684 R
838 3635 1074 3700 plerique
1291 3638 1559 3700 antiquos
1587 3631 1720 3686 8A⁸t
1748 3637 2017 3701 antiquus
2045 3632 2117 3685 A¹
2150 3637 2390 3688 maiores

121 3724 246 3787 (uel
275 3725 367 3787 ·is)
400 3720 452 3774 B
629 3728 903 3788 sequutus
931 3720 983 3774 R
1025 3724 1249 3788 aliquot:
1281 3739 1382 3775 om.
1414 3733 1450 3773 v
1654 3740 1715 3773 12
1748 3725 2044 3775 adseruare
2074 3725 2203 3794 qux¹
2234 3740 2388 3775 seue-

111 3827 257 3862 rare
287 3821 325 3870 Β
550 3814 733 3862 audeo
759 3807 906 3862 8Afi⁸
936 3813 1110 3863 audet
1139 3809 1191 3863 R
1409 3827 1472 3875 13
1504 3815 1803 3878 siquidem]
1838 3816 1884 3864 si
1914 3818 2106 3863 tamen
2137 3823 2173 3871 n
2203 3811 2223 3863 l
2251 3816 2387 3864 sita-

114 3916 264 3952 men
298 3900 449 3958 Pol.,·
479 3918 580 3952 om.
615 3896 687 3952 αἰ
866 3903 1141 3966 praecipit
1170 3897 1222 3951 R
1251 3902 1490 3967 plerique
1652 3917 1714 3966 14
1747 3904 1914 3952 cessit
1943 3903 2043 3965 (in-
2068 3902 2192 3965 om.)
2218 3912 2254 3960 n

112 3991 282 4041 {abis
313 3986 385 4039 A¹
601 3992 911 4041 acerbatim
938 3986 1011 4039 A¹
1204 3997 1402 4041 enecta
1429 3987 1466 4041 8
1659 3992 1953 4056 periuntur
1988 3991 2087 4053 (re-
2120 3993 2243 4053 om.)
2278 3987 2388 4041 S¹A

357 4093 419 4141 15
452 4079 712 4144 hyemem
741 4075 793 4129 R
821 4080 1024 4143 aliquot
1209 4082 1273 4129 16
1303 4081 1392 4129 die
1421 4077 1456 4129 ὃ
1487 4082 1576 4130 dei
1609 4080 1819 4137 0801&
1850 4096 1951 4130 om.
1984 4075 2251 4148 eduum-11

111 4184 139 4219 1
156 4185 191 4233 7
232 4182 355 4233 quo
382 4163 434 4217 R
462 4170 560 4232 qui
590 4163 676 4218 SA
