3109 5559
1383 295 1495 340 mu
1531 294 1852 341 RvsrmAE
1884 295 2013 341 Lm.
2050 295 2172 341 vm
2206 294 2263 340 c.
2298 278 2336 340 8

734 459 804 520 in
827 458 1007 538 uagis
1028 458 1308 519 maxime
1329 464 1426 519 est
1448 457 1908 537 inprobandus,
1932 458 2107 537 quod
2129 476 2277 518 eum
2300 457 2596 518 facillime
2617 476 2650 534 s

735 565 1058 644 accipiter.

818 671 1206 732 Fecunditas
1242 676 1483 741 autem,
1522 670 1821 749 quamuis
1854 671 2040 750 longe
2076 670 2285 731 minor
2319 668 2402 731 sit
2439 688 2637 750 quam

733 796 985 848 narum,
1027 777 1334 838 maiorem
1374 785 1595 837 tamen
1635 776 1827 837 refert
1869 783 2230 855 quaestum.
2273 794 2425 837 nam
2466 782 2530 837 et
2572 795 2647 836 oc

671 903 708 953 5
734 885 943 964 pullos
975 884 1232 955 educat,
1267 883 1322 945 si
1354 889 1451 944 est
1487 884 1660 944 bona
1693 883 1951 954 matrix,
1983 889 2052 944 ‘et
2087 883 2307 962 pretiis
2339 901 2560 944 eorum
2595 883 2651 943 d«

733 991 991 1070 conplet
1028 1009 1264 1061 arcam,
1301 989 1466 1051 sicut
1502 988 1774 1051 eximius
1809 995 2036 1051 auctor
2072 990 2156 1050 M.
2196 989 2398 1050 Varro
2433 988 2619 1050 nobis

734 1097 847 1177 qui
888 1096 1171 1176 prodidit
1213 1096 1411 1158 etiam
1451 1096 1574 1157 illis
1614 1094 2035 1157 seuerioribus
2075 1095 2472 1174 temporibus
2512 1095 2651 1175 pari

734 1203 993 1265 milibus
1036 1203 1298 1283 singulis
1340 1202 1780 1265 sestertiorum
1821 1201 2012 1264 solita
2055 1202 2289 1263 uenire.
2336 1220 2489 1263 nam
2533 1220 2650 1262 nos

734 1310 990 1382 saeculi,
1061 1309 1115 1370 si
1185 1309 1436 1371 credere
1493 1309 1793 1370 uolumus
1848 1308 2119 1370 inueniri
2174 1308 2287 1388 qui
2342 1308 2651 1387 quaterni‘

640 1437 715 1473 10
733 1434 1146 1477 nummorum
1188 1415 1373 1477 binas
1415 1434 1569 1477 aues
1610 1421 1989 1476 mercentur.
2035 1433 2432 1495 quamquam
2473 1415 2578 1475 uel
2619 1415 2651 1475 h

735 1522 1097 1584 tolerabiles
1173 1528 1394 1601 putem
1470 1520 1583 1602 qui
1647 1522 2121 1582 oblectamenta
2183 1521 2552 1582 deliciarum
2617 1541 2651 1600 p

731 1628 1141 1708 habendique
1179 1647 1373 1689 causa
1408 1628 1591 1708 graui
1616 1647 1758 1689 aere
1783 1634 1848 1689 et
1875 1634 2139 1707 argento
2164 1634 2453 1707 pensent,
2486 1647 2651 1707 quan

735 1734 1078 1796 Ponticum
1128 1734 1388 1795 Phasim
1437 1741 1502 1795 et
1553 1734 1890 1814 Scythicae
1938 1741 2169 1814 stagna
2218 1734 2488 1796 Maeotis
2537 1734 2651 1795 hel]

734 1860 907 1903 nunc
937 1840 1322 1920 Gangeticas
1350 1847 1416 1902 et
1445 1840 1800 1920 Aegyptias
1828 1841 1967 1902 auis
1996 1841 2380 1902 temulenter
2408 1846 2651 1902 eructar

635 1969 708 2019 15
817 1948 1040 2009 Potest
1064 1954 1282 2009 tamen
1302 1947 1370 2008 in
1391 1948 1512 2009 hoc
1533 1947 1796 2018 auiario,
1819 1946 2007 2008 sicuti
2029 1947 2276 2008 dictum
2298 1953 2419 2018 est,
2443 1947 2651 2026 sagina

733 2073 888 2115 nam
912 2054 967 2115 si
991 2073 1159 2133 quae
1183 2054 1429 2116 steriles
1452 2060 1569 2115 aut
1593 2053 1833 2115 sordidi
1857 2053 2085 2114 coloris
2107 2052 2566 2125 interueniunt,
2593 2053 2650 2113 si

732 2161 1005 2240 gallinae
1029 2160 1403 2222 farciuntur.
1429 2161 1587 2240 pulli
1607 2179 1760 2221 uero
1783 2159 2030 2220 facilius
2052 2160 2173 2221 sub
2195 2159 2513 2221 matribus
2534 2159 2651 2239 pin⁴

806 2356 909 2405 4-5
952 2343 1118 2392 Varro
1141 2347 1271 2392 rust.
1297 2356 1350 2404 3,
1373 2356 1424 2406 7,
1446 2357 1508 2408 9:
1531 2343 1693 2407 Geop.
1721 2355 1807 2405 14,
1830 2356 1880 2400 ι,
1902 2355 1964 2404 3,·
1987 2344 2068 2405 clr
2090 2342 2136 2391 A
2146 2342 2315 2391 ristot.
2344 2342 2467 2392 hist.
2493 2341 2644 2392 anim

727 2431 838 2494 5-8
880 2432 1047 2481 Varro
1076 2436 1207 2481 rust.
1241 2444 1275 2493 3
1316 2446 1367 2496 7,
1389 2445 1458 2481 ro
1680 2444 1865 2493 17-34:
1887 2444 1919 2493 5
1951 2431 2033 2493 clr
2071 2431 2241 2480 Varro
2272 2436 2402 2481 rust.
2436 2444 2488 2492 3,
2510 2446 2561 2496 7,
2583 2446 2651 2495 9-

811 2622 834 2657 1
869 2613 955 2658 &st
988 2624 1091 2659 om.
1123 2603 1159 2658 8
1372 2608 1689 2672 speculator
1717 2602 2028 2678 Ah¹tpoery
2055 2609 2372 2672 speculetur
2400 2617 2437 2658 8

807 2711 838 2758 3
870 2698 1052 2747 minor
1080 2692 1133 2746 R
1161 2698 1441 2747 minorum
1469 2691 1611 2747 8A⁸0
1640 2697 1852 2746 minore
1881 2691 1953 2745 A¹
2142 2697 2216 2746 sit
2245 2692 2298 2746 R
2326 2700 2411 2746 est
2443 2691 2467 2746 t
2498 2712 2599 2747 om.
2632 2692 2651 2747 ξ

726 2801 837 2836 om.
869 2795 903 2837 e
1115 2802 1148 2849 4
1180 2787 1389 2836 maiore
1416 2795 1450 2837 e
1638 2789 1831 2835 tamen
1862 2801 1963 2836 om.
1995 2793 2031 2843 n
2210 2787 2418 2849 perfert
2451 2781 2651 2836 αΙωΜ

723 2871 769 2924 ⁸
798 2889 900 2924 om.
932 2870 954 2924 i
987 2874 1127 2938 (ante
1165 2875 1433 2924 maiorem
1479 2881 1593 2940 pos.
1625 2872 1711 2938 εἰ)
1944 2875 2125 2938 opties
2154 2882 2203 2925 κ
2429 2888 2461 2937 5
2493 2875 2651 2924 domi:

726 2966 802 3013 οἱ
828 2972 860 3011 Ι
891 2963 1104 3012 domini
1147 2977 1317 3013 causa
1345 2960 1381 3013 1.
1639 2966 1674 3013 6
1703 2964 1986 3028 complent
2031 2948 2241 3033 φψωῑ
2281 2963 2559 3028 compleat
2599 2971 2648 3014 κ

726 3051 791 3100 1¹
819 3052 1018 3116 implet
1047 3049 1087 3101 fi
1116 3068 1220 3103 om.
1251 3062 1286 3110 p
1523 3053 1721 3114 Varro]
1765 3066 1897 3102 uero
1926 3046 1999 3100 A²
2235 3066 2266 3115 7
2296 3053 2433 3116 quid
2463 3046 2537 3100 A¹

734 3142 1046 3192 uerioribus
1076 3143 1199 3192 add.
1232 3143 1347 3190 suis
1367 3136 1420 3190 R
1585 3141 1616 3189 8
1649 3141 1886 3198 milinib;
1911 3135 1984 3189 A¹
2126 3142 2522 3191 sextertiorum
2544 3136 2597 3190 R
2618 3158 2651 3191 a

726 3231 926 3280 uenire
955 3225 1010 3287 lp
1041 3231 1218 3281 ueniri
1247 3225 1383 3281 SAR
1574 3243 1706 3279 nam
1735 3230 1915 3279 nostri
1943 3266 1955 3279 .
1984 3267 1996 3279 .
2028 3267 2039 3280 .
2071 3231 2310 3280 inueniri
2341 3246 2443 3280 om.
2476 3224 2549 3278 A¹

726 3320 852 3368 nire
882 3317 1013 3388 91111
1193 3320 1417 3369 milibus
1448 3334 1549 3369 om.
1584 3313 1608 3367 t
1809 3332 1872 3367 ro
1902 3333 2260 3370 nummorum
2289 3314 2576 3389 8A2h⁸kcp
2608 3334 2650 3367 n¹

911 3423 981 3458 ue
1010 3403 1068 3458 8¹
1253 3422 1310 3456 11
1347 3412 1543 3471 putem
1569 3409 1647 3458 ed.
1673 3408 1719 3457 A
1728 3408 1832 3458 Id..·
1854 3411 2058 3472 putent
2081 3409 2227 3459 codd.
2409 3409 2651 3458 diliciaru

736 3509 801 3544 12
833 3500 1032 3560 penset
1061 3491 1114 3545 B
1142 3497 1344 3563 aliquot
1565 3510 1626 3558 13
1659 3498 1954 3560 ponticum
1984 3491 2070 3547 88.
2100 3510 2230 3546 cum
2260 3498 2420 3561 ponti
2452 3491 2503 3545 A

728 3584 963 3649 phasint
1011 3580 1047 3635 8
1093 3586 1355 3650 phascint
1384 3579 1435 3633 A
1650 3586 1937 3649 scythicae
1984 3586 2208 3650 scripsi:
2257 3587 2487 3635 sciatiae
2534 3581 2620 3637 SA
2648 3605 2651 3632 ι

730 3674 957 3738 sythica
986 3668 1010 3722 t
1223 3676 1444 3738 stagna]
1496 3679 1758 3737 stagnam
1805 3668 1878 3722 A¹
1925 3674 2084 3737 signa
2114 3682 2188 3743 911
2400 3676 2542 3724 eotis
2572 3668 2644 3722 A¹

728 3766 923 3812 meoto
951 3771 992 3811 n
1023 3763 1215 3812 mcoco
1245 3771 1280 3832 9
1308 3763 1520 3813 nicotio
1549 3763 1607 3811 xl
1639 3763 1882 3812 melioris
1911 3771 1940 3810 r
2146 3763 2375 3813 helluati
2397 3764 2456 3819 υ*
2486 3764 2651 3825 (helui

726 3859 787 3917 p.
822 3866 888 3917 17
891 3852 945 3914 5)
979 3852 1193 3901 helluat
1224 3848 1514 3921 coeflqnxae
1544 3852 1737 3902 heluat
1766 3847 2353 3909 ammomum-o
2374 3853 2650 3902 helluant‘

725 3943 924 3991 eluant
958 3925 1022 4010 ψ
1053 3941 1207 3990 eluat
1238 3936 1425 3990 Μῖνι·
1454 3941 1686 3992 belluati
1717 3941 1776 3998 οἱ
1982 3943 2118 4004 iam]
2154 3945 2276 3991 tam
2298 3938 2498 4010 elionxl

726 4031 934 4096 aliquot
1150 4029 1495 4080 temulentur
1523 4024 1599 4078 A²

808 4132 872 4180 15
905 4122 1094 4183 potest
1123 4113 1176 4167 R
1205 4121 1408 4182 pontes
1439 4112 1526 4168 SA
1704 4123 1896 4167 tamen
1926 4119 2098 4168 etiam
2129 4121 2184 4168 in
2215 4113 2268 4167 R
2474 4120 2618 4170 sicut
2649 4159 2650 4164 ,

726 4222 835 4259 om.
869 4202 893 4256 t
1069 4207 1267 4271 agr-ina
1295 4200 1346 4254 A
1531 4220 1594 4270 17
1626 4207 1872 4257 fartiunt
1903 4201 2021 4277 Aep
2052 4207 2268 4257 faciunt
2299 4202 2335 4257 8
2364 4208 2647 4258 sortiuntu

729 4333 764 4382 3
782 4342 824 4351 -
840 4336 999 4377 347543

461 4990 2651 5407 -V
