3109 5559
331 576 395 613 10

329 1108 389 1158 1⁵

322 1641 392 1679 20

325 2173 391 2222 25

324 2705 394 2756 30

435 70 520 138 72
652 50 730 116 L.
766 50 917 116 Iuni
949 49 1285 116 Moderati
1317 49 1721 117 Columellae

437 210 777 293 inferiores
827 224 1160 307 deficiunt,
1213 241 1409 313 atque
1457 227 1699 307 euenit,
1751 241 1827 294 ut
1872 229 2068 294 uinea
2113 250 2376 294 summa
2421 242 2605 314 parte
2653 230 2909 296 terreni

437 333 688 400 radices
731 347 896 420 agat,
944 356 1113 420 quae
1157 347 1223 401 et
1266 332 1506 420 frigore
1551 334 1945 400 infestentur
1987 348 2053 401 et
2096 334 2423 401 caloribus
2466 335 2785 402 maiorem
2832 337 2907 404 in

439 441 717 506 modum
760 453 1058 507 aestuent
1101 462 1176 507 ac
1218 440 1645 507 uehementer
1688 441 1866 507 sitire
1910 455 2188 508 matrem
2231 441 2301 507 in
2344 455 2496 508 ortu
2537 442 2905 509 Caniculae

439 560 693 633 cogant.
786 567 826 613 2
871 568 1071 633 quare
1127 546 1446 633 quicquid
1499 547 1670 613 intra
1722 547 2186 634 sesquipedem
2238 562 2508 614 enatum
2561 561 2680 627 est,
2738 570 2902 615 cum

438 652 950 739 ablaqueaueris,
977 652 1406 719 recidendum
1429 667 1547 719 est.
1575 654 1693 719 sed
1717 652 1914 719 huius
1938 676 2073 719 non
2096 653 2327 720 eadem
2351 654 2515 720 ratio
2539 668 2639 720 est
2660 677 2906 741 ampu-

436 759 641 839 tandi,
673 781 841 845 quae
867 759 1192 825 traditur
1173 783 1244 826 m
1270 760 1607 846 superiore
1633 773 1816 846 parte
1844 760 2018 826 uitis.
2051 782 2205 826 nam
2232 760 2505 826 minime
2534 760 2908 828 adleuanda

437 866 628 952 plaga
670 879 770 932 est
813 866 1218 953 minimeque
1263 866 1731 952 adplicandum
1775 865 2249 933 ferramentum
2293 867 2416 953 ipsi
2464 867 2677 946 matri,
2729 890 2903 954 quo·

437 972 637 1051 niam,
673 972 728 1038 si
762 972 942 1038 iuxta
971 985 1284 1039 truncum
1317 972 1605 1039 radicem
1637 972 2050 1092 praecideriS,
2086 985 2201 1039 aut
2232 995 2313 1039 ex
2345 973 2642 1039 cicatrice
2674 973 2907 1060 pluroe

437 1093 787 1145 nascentur
823 1092 936 1145 aut
969 1078 1288 1158 hiemalia,
1328 1101 1497 1166 quae
1534 1079 1833 1146 consistit
1869 1079 1939 1145 in
1975 1078 2321 1145 lacusculis
2356 1078 2903 1167 ablaqueationi8‚

437 1207 608 1272 aqua
636 1184 908 1251 brumae
937 1185 1501 1272 congelationibus
1531 1208 1707 1252 noua
1734 1185 2009 1251 uulnera
2037 1199 2304 1272 peruret
2331 1199 2398 1252 et
2425 1186 2509 1252 ad
2539 1186 2907 1253 medullam

436 1291 824 1378 penetrabit.
861 1292 1045 1379 quod
1078 1314 1162 1358 ne
1194 1290 1328 1370 fiat,
1365 1292 1653 1358 recidere
1687 1291 1769 1358 ab
1804 1292 1949 1378 ipso
1983 1292 2209 1359 codice
2242 1292 2446 1359 instar
2479 1293 2678 1358 unius
2714 1292 2909 1380 digiti

436 1398 649 1485 spatio
678 1399 1029 1465 conueniet
1057 1411 1254 1485 atque
1285 1398 1608 1464 radiculas
1638 1398 2031 1485 praecidere,
2065 1421 2234 1485 quae
2263 1399 2360 1465 sic
2387 1399 2735 1485 ademptae
2765 1422 2907 1465 non

438 1504 722 1591 amplius
752 1505 1080 1592 pullulant
1109 1516 1256 1592 e<t>
1290 1527 1327 1571 a
1358 1519 1572 1571 cetera
1602 1528 1772 1572 noxa
1801 1518 2113 1571 truncum
2146 1504 2533 1572 defendunt.

514 1632 563 1695 3
608 1612 758 1678 Hoc
802 1634 1000 1698 opere
1045 1626 1523 1690 consummato,
1572 1612 1629 1678 si
1674 1625 1773 1677 est
1816 1611 2029 1678 hiems
2074 1612 2143 1677 in
2187 1634 2265 1678 ea
2308 1612 2573 1699 regione
2618 1611 2902 1698 placida,

435 1732 668 1804 patens
698 1717 853 1784 uitis
884 1718 1316 1805 relinquenda
1345 1732 1464 1784 est.
1497 1718 1602 1784 sin
1632 1717 1983 1783 uiolentior
2013 1717 2140 1783 hoc
2170 1717 2382 1784 facere
2414 1740 2536 1784 nos
2566 1717 2902 1805 prohibet,

436 1838 585 1891 ante
630 1825 791 1891 Idus
833 1824 1224 1891 Decembris
1262 1824 1581 1912 praedicti
1622 1824 1933 1890 lacusculi
1973 1824 2379 1911 coaequandi
2420 1838 2595 1891 sunt.
2641 1826 2697 1891 si
2737 1848 2905 1892 uero

434 1930 634 1997 etiam
671 1931 1043 2018 praegelida
1079 1930 1322 2018 frigora
1361 1931 1645 2018 regionis
1684 1931 1825 1996 eius
1865 1945 2169 2017 suspecta
2208 1944 2421 2010 erunt,
2466 1931 2719 2018 aliquid
2756 1931 2907 1999 fimi

435 2037 564 2118 uel,
606 2038 661 2103 si
698 2052 797 2105 est
835 2037 1270 2117 commodiuS,
1311 2037 1675 2104 columbini
1713 2037 2015 2103 stercoris
2053 2050 2166 2104 aut
2202 2037 2273 2103 in
2310 2036 2576 2117 hu<n>c
2611 2044 2901 2117 usu<m>

437 2158 853 2231 praeparatae
900 2143 1140 2210 ueteris
1185 2144 1411 2210 urinae
1458 2166 1652 2209 senos
1698 2144 2031 2223 sextarioS,
2080 2156 2435 2230 antequam
2481 2144 2689 2211 uitem
2735 2145 2903 2211 ado-

437 2249 655 2330 bruas,
689 2250 1020 2316 radicibus
1050 2250 1511 2337 superfundes,

527 2377 570 2440 4
610 2357 743 2423 Sed
775 2356 1161 2443 ablaqueare
1193 2356 1505 2422 omnibus
1536 2356 1872 2423 autumnis
1903 2355 2235 2443 oportebit
2265 2356 2483 2443 primo
2515 2356 2902 2443 quinquen-

438 2463 569 2543 nio,
598 2463 761 2529 dum
784 2463 940 2529 uitis
963 2462 1395 2543 conualescat;
1421 2462 1537 2529 ubi
1563 2485 1723 2529 uero
1746 2477 2022 2530 truncus
2045 2463 2425 2543 adoleuerit,
2452 2462 2590 2530 fere
2613 2464 2904 2530 triemiio

436 2570 971 2636 intermittendus
1006 2584 1105 2637 est
1139 2570 1281 2636 eius
1316 2570 1533 2656 operis
1569 2569 1773 2636 labor:
1813 2591 1968 2635 nam
2002 2583 2069 2636 et
2104 2570 2325 2635 minus
2362 2569 2535 2635 ferro
2572 2592 2761 2636 crura
2797 2571 2903 2637 ui·

435 2677 606 2743 tium
648 2677 999 2743 laeduntur
1040 2698 1164 2742 nec
1203 2691 1341 2743 tam
1382 2676 1676 2742 celeriter
1719 2676 2044 2743 radiculae
2087 2676 2451 2742 inueterato
2495 2675 2627 2742 iam
2668 2676 2902 2743 codice

438 2797 855 2849 enascuntur.

447 3066 639 3130 (asque
673 3066 734 3129 a)
766 3064 872 3130 hio
901 3082 1102 3130 aesque
1134 3065 1226 3117 SA
1257 3066 1465 3129 absque
1500 3065 1542 3117 λ
1577 3093 1615 3102 -
1649 3065 1872 3118 frondes
1906 3065 1946 3118 S
1978 3065 2245 3118 frundens
2277 3064 2330 3116 A
2364 3092 2403 3102 -
2437 3066 2673 3131 agricula
2705 3065 2758 3117 A
2792 3092 2831 3102 —
2867 3066 2904 3119 8

447 3156 524 3206 im
552 3155 734 3219 Smry
766 3182 805 3191 —
841 3171 874 3219 9
902 3166 1149 3207 aestuent
1178 3156 1425 3219 (extuent
1452 3154 1497 3206 ὁ
1524 3166 1606 3207 est
1634 3156 1787 3207 uenit
1815 3156 1876 3218 y)
1905 3172 1968 3206 ac
1995 3154 2349 3206 uehementer
2375 3153 2504 3206 Ιιλσ
2528 3166 2609 3207 est
2637 3171 2700 3207 ac
2728 3166 2905 3208 uentu

447 3254 699 3296 ementur
732 3242 842 3308 SAj
878 3271 916 3280 -
949 3255 1181 3296 matrem
1215 3261 1314 3296 om.
1351 3243 1478 3295 Ιιλσ
1508 3271 1547 3280 -
1582 3245 1642 3297 in
1676 3255 1800 3296 ortu
1835 3243 2128 3296 Caniculae
2161 3242 2289 3295 Ιιλσ
2317 3243 2613 3296 Acniculae
2648 3255 2835 3296 ortum
2862 3245 2907 3297 S

446 3333 747 3398 Agniculae
787 3344 971 3385 ortum
1006 3333 1059 3385 A
1096 3333 1390 3385 Caniculae
1428 3344 1612 3385 ortum
1641 3331 1666 3397 j
1701 3359 1741 3369 -
1780 3349 1845 3385 10
1882 3333 1941 3385 in
1976 3333 2067 3385 SA
2099 3359 2138 3369 -
2173 3333 2560 3396 sesquipedem
2596 3344 2823 3385 enatum
2857 3349 2906 3397 p

446 3422 774 3487 sesquipede
796 3434 1051 3474 aenatum
1071 3422 1162 3474 SA
1180 3422 1566 3486 sesquipedem
1587 3433 1779 3474 natum
1796 3422 1850 3474 R
1883 3449 1920 3458 -
1961 3438 2025 3474 12
2044 3421 2349 3473 adleuanda
2368 3435 2548 3488 mpcu
2568 3422 2904 3486 ablaquean-

449 3512 520 3563 da
554 3510 764 3564 SAhbf
791 3511 1170 3575 oblaqueanda
1202 3512 1258 3563 1²¹
1294 3511 1599 3564 ableuanda
1625 3509 1650 3575 j
1686 3528 1786 3563 om.
1825 3526 1865 3574 y
1898 3537 1937 3547 -
1977 3526 2038 3575 13
2076 3510 2466 3575 adplicandum
2501 3510 2721 3575 (ampli-
2757 3511 2815 3576 ρ)
2850 3512 2906 3563 R

449 3600 821 3653 adleuandum
851 3600 998 3653 SAr²
1031 3627 1070 3637 -
1111 3617 1176 3664 14
1206 3601 1403 3652 catrice
1432 3600 1485 3652 A
1519 3627 1556 3637 -
1592 3600 1741 3664 pube
1771 3599 1862 3652 SA
1895 3627 1934 3636 —
1974 3615 2034 3664 15
2069 3611 2392 3652 enascentur
2413 3598 2577 3666 jfpyc
2608 3611 2907 3653 nascantur

449 3689 491 3741 λ
524 3716 563 3725 -
598 3701 691 3741 aut
711 3688 850 3754 hjyc
870 3701 933 3741 ut
953 3689 1045 3743 SA
1064 3701 1118 3741 at
1139 3687 1283 3755 λίρο
1302 3707 1333 3741 a
1353 3705 1393 3753 y
1426 3716 1465 3726 -
1500 3706 1641 3753 quae
1661 3689 1909 3741 consistit
1930 3690 1988 3741 in
2008 3689 2296 3741 lacusculis
2318 3706 2415 3742 om.
2438 3687 2548 3754 sAj
2583 3715 2622 3725 —
2654 3690 2907 3742 constitit

444 3778 508 3831 fu
553 3779 802 3831 constitis
846 3778 940 3830 m²
981 3789 1193 3831 constat
1237 3794 1271 3847 ρ
1306 3806 1343 3815 -
1380 3779 1594 3831 lasculis
1632 3777 1699 3831 b¹
1726 3778 2004 3831 lacustulis
2033 3792 2073 3842 y
2092 3788 2213 3843 post
2240 3777 2361 3830 add.
2393 3778 2577 3842 plures
2606 3777 2648 3829 λ
2681 3804 2722 3814 -
2748 3778 2906 3830 obla-

450 3868 760 3932 queationis
790 3867 869 3933 hp
904 3894 943 3904 —
983 3869 1046 3919 16
1078 3885 1254 3920 nouae
1283 3867 1336 3919 A
1369 3894 1408 3904 —
1448 3881 1511 3932 17
1542 3867 1849 3931 penetrauit
1879 3867 1971 3919 SA
2004 3893 2043 3903 —
2077 3867 2328 3919 recedere
2358 3866 2421 3919 S⁸
2455 3893 2494 3903 —
2535 3883 2597 3930 19
2628 3868 2905 3931 pubulant

448 3956 523 4009 A²
554 3957 804 4021 pululant
833 3955 1129 4021 A'hzrrya
1162 3984 1201 3993 —
1236 3968 1290 4008 et
1319 3974 1350 4008 a
1378 3956 1465 4021 hp
1495 3974 1557 4008 ea
1586 3957 1728 4009 SAR
1761 3983 1800 3993 —
1835 3973 1904 4009 2ο
1933 3956 2148 4020 hiemps
2178 3956 2315 4009 S¹A¹
2349 3983 2388 3993 —
2423 3971 2486 4009 21
2522 3956 2568 4008 si
2597 3956 2688 4009 SR
2722 3982 2762 3993 -
2796 3956 2908 4009 hoc

448 4060 492 4113 γ
512 4046 603 4098 hic
625 4046 769 4099 SAR
803 4073 841 4082 —
877 4061 947 4110 24
968 4047 1014 4098 si
1038 4045 1173 4099 SAh
1194 4047 1346 4110 quod
1361 4045 1583 4111 ᾗλργςσ
1604 4063 1702 4098 om.
1728 4044 1760 4097 f
1787 4072 1825 4082 -
1880 4047 2129 4098 sterceris
2151 4046 2190 4098 S
2223 4072 2262 4082 -
2297 4045 2446 4097 hunc
2469 4062 2634 4098 usum
2656 4051 2680 4096 t
2700 4062 2840 4097 ucus
2862 4046 2907 4098 S

446 4136 622 4188 hucus
642 4135 695 4187 A
716 4153 822 4188 usu
841 4136 894 4187 R
928 4162 966 4172 -
1001 4151 1067 4200 25
1091 4136 1314 4188 setarios
1336 4135 1491 4199 S¹Ay
1510 4135 1762 4187 sestarios
1783 4133 2036 4200 S⁸hj¹n9
2056 4135 2332 4187 stestarios
2345 4132 2395 4198 j¹
2430 4160 2469 4170 —
2504 4135 2573 4188 26
2594 4134 2790 4187 radicis
2811 4134 2908 4187 SA

443 4251 482 4261 —
517 4225 587 4276 28
618 4234 741 4277 ante
770 4235 997 4277 truncus
1028 4224 1151 4276 add.
1184 4225 1313 4276 uitis
1342 4225 1395 4276 R
1426 4225 1557 4288 (exc.
1594 4223 1652 4289 ρ)
1688 4250 1726 4260 -
1761 4239 1829 4287 29
1860 4224 2303 4276 intermittendus
2335 4235 2416 4276 est
2447 4223 2564 4275 eius
2594 4223 2776 4288 operis
2806 4223 2908 4276 hoc

448 4313 559 4365 loco
582 4314 636 4366 R
653 4324 774 4379 post
799 4314 1180 4378 quinquennio
1203 4324 1361 4378 supra
1388 4323 1487 4378 ιφ.
1516 4313 1608 4366 SA
1641 4340 1680 4349 —
1715 4324 1795 4365 est
1821 4313 1938 4365 eius
1961 4314 2014 4365 R
2039 4323 2179 4365 esset
2201 4312 2293 4364 SA
2313 4339 2352 4349 -
2372 4312 2573 4365 uitium
2596 4313 2650 4365 R
2674 4312 2908 4365 ueritius

443 4402 539 4455 SA
572 4430 611 4440 -
648 4418 716 4467 30
739 4403 1032 4456 laeduntur
1045 4401 1069 4467 j
1096 4402 1379 4455 laedantur
1399 4402 1618 4455 smo
1648 4429 1687 4438 —
1723 4403 1830 4455 iam
1853 4419 1950 4454 om.
1976 4402 2068 4454 SA
2101 4429 2139 4439 -
2176 4418 2237 4467 31
2266 4412 2591 4455 enascantur
2610 4400 2681 4467 Αἰ
