3109 5559
1446 102 1567 169 Rei
1595 103 1875 170 rusticae
1903 102 2016 170 lib.
2052 103 2150 168 IV
2178 125 2234 171 c.
2274 125 2390 191 1—3
2525 106 2608 191 67

157 280 573 347 demortuum
615 293 733 359 est,
783 279 917 346 duo
960 280 1321 347 uiduantur
1362 280 1719 347 statumina
1760 294 1827 347 et
1869 304 2026 348 mox
2066 281 2461 349 uiuiradices
2500 296 2605 349 to-

156 387 356 453 tidem
412 386 911 453 substituendae
970 401 1146 467 sunt,
1210 409 1377 474 quae
1438 409 1716 454 numero
1775 410 1898 454 suo
1958 388 2279 455 rationem
2337 390 2610 456 cultoris

91 522 116 569 5
156 507 442 573 onerant;
487 494 629 560 siue
671 494 885 561 tenuit
926 507 1011 573 et,
1059 508 1134 560 ut
1175 516 1368 581 saepe
1411 494 1654 574 euenit,
1700 494 1809 561 uel
1851 495 2020 582 nigri
2062 508 2163 561 est
2202 494 2459 582 generis
2501 497 2609 563 uel

156 621 384 686 parum
434 600 688 680 fertilis,
743 624 880 667 non
933 601 1002 667 in
1053 623 1190 667 uno
1242 601 1359 667 sed
1411 601 1482 667 in
1533 600 1837 687 pluribus
1890 601 2301 687 pedamentis
2352 600 2611 669 fructus

156 706 488 774 claudicat.
534 728 939 794 quamquam
977 707 1176 775 etiam
1213 713 1647 795 generosa<e>
1688 706 1910 794 stirpis
1948 707 2156 774 uitem
2195 708 2290 774 sic
2329 708 2398 774 in
2440 708 2609 775 duos

156 813 334 899 palos
386 813 670 879 diuisam
724 835 946 879 rerum
998 814 1390 880 rusticarum
1444 813 1902 900 prudentiores
1955 813 2331 880 existimant
2383 814 2609 881 minus

155 918 432 986 fertilem
453 919 616 999 fore,
643 921 798 1006 quia
820 934 1064 987 cratem
1085 919 1338 987 factura
1358 920 1461 987 sit.

66 1054 119 1089 10
237 1047 277 1093 2
317 1027 403 1093 Et
437 1027 683 1093 idcirco
719 1040 973 1093 ueteres
1008 1027 1235 1093 uineas
1270 1027 1511 1113 mergis
1545 1049 1904 1114 propagare
1940 1027 2163 1113 potius
2200 1049 2403 1114 quam
2436 1040 2608 1094 totas

156 1146 439 1200 sternere
484 1133 664 1200 idem
711 1133 852 1220 ipse
890 1133 1152 1200 Atticus
1198 1133 1548 1220 praecepit,
1600 1134 1915 1220 quoniam
1961 1134 2169 1221 mergi
2215 1156 2370 1200 mox
2415 1133 2608 1201 facile

154 1240 542 1320 radicentur,
579 1240 669 1306 ita
700 1253 776 1307 ut
810 1245 1193 1327 quae<que>
1227 1239 1384 1306 uitis
1416 1240 1554 1306 suis
1587 1239 1918 1306 radicibus
1950 1254 2293 1327 tamquam
2324 1240 2609 1328 propriis

153 1343 599 1413 fundamentis
627 1347 964 1414 innitatur.
998 1347 1159 1413 haec
1187 1360 1428 1426 autem,
1463 1368 1632 1433 quae
1661 1360 1761 1412 est
1789 1360 1930 1414 toto
1959 1360 2282 1433 prostrata
2311 1369 2606 1434 corpore,

153 1473 302 1518 mm
331 1452 607 1519 inferius
634 1454 853 1520 solum
883 1454 1071 1540 quasi
1099 1453 1482 1520 cancellauit
1510 1466 1709 1540 atque
1738 1453 2051 1532 inretiuit,
2084 1466 2330 1520 cratem
2359 1453 2516 1521 facit
2543 1468 2611 1520 et

63 1586 80 1620 ι
86 1586 111 1633 5
152 1558 452 1644 pluribus
497 1560 828 1627 radicibus
875 1561 1044 1627 inter
1090 1582 1159 1626 se
1207 1560 1471 1626 conexis
1517 1559 1859 1647 an[i]gitur
1905 1581 2028 1626 nec
2073 1559 2257 1626 aliter
2306 1582 2508 1646 quam
2553 1560 2612 1626 si

154 1667 374 1733 multis
410 1667 794 1753 palmitibus
825 1681 1093 1754 grauata
1127 1667 1366 1735 deficit.
1451 1687 1500 1750 3
1545 1689 1746 1753 quare
1779 1690 1898 1754 per
1931 1668 2154 1733 omnia
2186 1667 2609 1754 praetulerim

155 1772 416 1839 duobus
458 1773 681 1861 potius
723 1774 1087 1840 seminibus
1132 1773 1447 1861 depositis
1491 1795 1695 1860 quam
1736 1773 1936 1840 unico
1978 1773 2329 1860 periclitari
2373 1796 2496 1841 nec
2539 1774 2609 1840 id

151 1879 329 1946 uelut
351 1880 805 1967 conpendium
827 1880 1205 1960 consectari,
1233 1879 1415 1967 quod
1439 1880 1508 1945 in
1530 1894 1881 1966 utramque
1904 1893 2158 1967 partem
2180 1880 2374 1967 longe
2397 1880 2610 1946 maius

152 1986 402 2053 adferre
435 1986 644 2072 possit
673 1986 1118 2072 dispendium.

57 2118 114 2155 ιο
229 2092 361 2159 Sed
406 2094 542 2159 iam
584 2093 822 2180 prioris
864 2092 1013 2160 libri
1058 2093 1415 2180 disputatio
1460 2093 1697 2180 repetit
1739 2116 1777 2159 a
1820 2093 2014 2159 nobis
2055 2093 2459 2180 promissum
2502 2116 2608 2160 se·
3094 2114 3107 2152 ι.

154 2200 413 2285 quentis
442 2201 811 2267 exordium.

73 2367 114 2444 3
235 2381 275 2423 1
320 2360 404 2426 In
431 2359 616 2426 omni
641 2382 878 2447 genere
904 2360 1350 2447 inpensarum,
1380 2360 1550 2427 sicut
1576 2361 1666 2428 ait
1694 2360 2080 2440 Graecinus,
2109 2361 2407 2448 plerique
2435 2384 2610 2428 noua

152 2488 345 2552 opera
385 2466 627 2533 fortius
665 2467 1089 2554 auspicantur
1130 2490 1331 2554 quam
1370 2481 1643 2534 tuentur
1665 2467 1972 2554 perfecta:
2001 2467 2340 2554 quidam,
2367 2467 2605 2555 inquit,

152 2572 240 2639 ab
286 2574 667 2640 inchoato
718 2574 990 2640 domos
1038 2587 1417 2641 extruunt
1466 2596 1608 2641 nec
1656 2573 2257 2660 peraedificatis
2305 2575 2607 2641 cultum

150 2679 554 2760 adhibent;
610 2681 978 2747 nonnulli
1032 2695 1354 2748 strenue
1408 2679 1807 2747 fabricant
1861 2680 2177 2767 nauigia
2230 2702 2372 2747 nec
2426 2703 2605 2748 con·

87 2812 111 2860 5
152 2800 537 2854 summata
596 2786 926 2873 perinde
988 2787 1400 2854 instruunt
1461 2786 1968 2854 armamentis
2029 2787 2604 2875 ministrisque;

152 2893 533 2978 quosdam
605 2893 979 2960 emacitas
1052 2894 1131 2960 in
1203 2894 1611 2973 armentis,
1688 2893 2070 2980 quosdam
2141 2908 2454 2960 exercet
2524 2895 2605 2960 in

150 2999 679 3087 conparandis
741 2999 1181 3087 mancipiis,
1247 3000 1383 3066 sed
1450 3000 1627 3080 <in>
1692 3000 1943 3066 isdem
2003 2999 2326 3066 tuendis
2388 3000 2607 3066 nulla

149 3125 325 3172 cura
381 3107 665 3194 tangit;
774 3128 814 3174 2
859 3106 1090 3173 multi
1147 3106 1383 3172 etiam
1441 3105 1857 3185 beneficia,
1920 3128 2115 3193 quae
2173 3107 2252 3172 in
2310 3107 2605 3173 amicos

149 3214 685 3294 contulerunt,
726 3213 1057 3281 leuitate
1096 3213 1539 3280 destruunt.
1573 3234 1648 3280 ac
1675 3236 1758 3280 ne
1788 3213 1928 3294 ista,
1960 3212 2232 3292 Siluine,
2263 3212 2603 3293 miremur,

56 3343 109 3379 10
145 3317 378 3386 liberos
411 3342 572 3387 suos
605 3319 907 3386 nonnulli
940 3320 1191 3406 nuptiis
1221 3320 1527 3406 uotisque
1563 3320 1892 3406 quaesitos
1923 3341 2116 3386 auare
2149 3320 2452 3387 nutriunt
2484 3342 2606 3386 nec

148 3425 508 3513 disciplinis
538 3441 653 3493 aut
684 3427 916 3493 ceteris
946 3426 1239 3513 corporis
1269 3426 1578 3492 excolunt
1608 3426 2082 3492 instrumentis.

148 3568 328 3621 muina
350 3583 391 3622 ο
424 3595 466 3605 -
500 3584 634 3620 mox
655 3581 699 3634 γ
718 3584 828 3619 uox
847 3567 991 3620 SAR
1024 3593 1063 3604 -
1099 3582 1128 3632 5
1152 3567 1330 3619 tenuit
1349 3567 1390 3619 S
1408 3566 1564 3619 lenut
1582 3566 1658 3618 A¹
1678 3567 1851 3620 lenuit
1870 3565 1947 3618 A'
1967 3567 2120 3619 leniit
2138 3567 2192 3619 R
2225 3593 2265 3603 —
2297 3567 2451 3620 uenit
2470 3566 2599 3620 A²R

146 3680 181 3690 -
212 3668 245 3719 7
274 3673 575 3722 generosae
606 3670 649 3723 γ
678 3673 940 3721 generosa
969 3656 1010 3708 S
1039 3673 1237 3720 genera
1267 3656 1371 3708 AR
1403 3682 1442 3691 -
1477 3671 1510 3719 9
1541 3655 1720 3708 fertile
1750 3656 1790 3709 S
1823 3683 1862 3693 -
1903 3672 1967 3709 10
1997 3667 2138 3708 totas
2169 3655 2303 3721 (1¹9²
2333 3668 2508 3709 totam
2538 3655 2596 3721 Si

147 3753 253 3796 tota
294 3745 480 3799 Αἰιλσ
528 3772 569 3782 -
609 3761 667 3797 ιι
705 3745 969 3809 praecipit
1001 3746 1105 3798 AR
1138 3771 1177 3782 -
1219 3760 1281 3798 12
1316 3745 1629 3797 radicentur
1661 3745 1820 3798 Sobel
1844 3756 1900 3810 p.
1937 3757 2004 3795 12
2040 3745 2355 3810 redigentur
2385 3745 2529 3798 SAR
2562 3772 2601 3781 -

147 3849 390 3900 quaeque
412 3835 494 3888 ed.
499 3845 587 3900 pr.
614 3850 755 3897 quae
778 3835 920 3887 SAR
953 3860 992 3870 —
1031 3850 1092 3898 13
1120 3850 1261 3897 quae
1285 3845 1368 3886 est
1390 3844 1508 3885 toto
1530 3833 1594 3887 S⁸
1618 3845 1905 3899 quaestoto
1927 3834 2042 3887 S¹A
2065 3851 2207 3899 quae
2229 3845 2348 3886 toto
2368 3834 2422 3886 R
2455 3861 2494 3871 -
2535 3851 2600 3898 14

146 3924 459 3977 cancellauit
503 3924 703 3977 Gesner
740 3922 1062 3976 concellauit
1102 3923 1194 3976 SA
1233 3923 1536 3975 concelauit
1575 3924 1629 3976 R
1661 3950 1701 3960 -
1741 3938 1801 3988 15
1844 3940 2077 3976 conexes
2116 3922 2192 3975 A¹
2230 3923 2483 3976 conexeis
2521 3923 2598 3975 A·

147 4015 396 4067 connexis
420 4015 476 4066 R
511 4039 553 4050 -
589 4013 807 4076 angitur
828 4011 896 4077 lp
920 4013 1156 4077 anigitur
1180 4013 1322 4065 SAR
1355 4039 1394 4048 —
1429 4012 1565 4064 alter
1587 4011 1764 4076 xrs-yn
1799 4039 1838 4048 —
1878 4025 1940 4076 17
1966 4029 2075 4077 qua
2098 4012 2151 4064 A
2184 4038 2222 4048 -
2264 4013 2326 4065 18
2352 4012 2520 4064 uelud
2544 4012 2597 4064 A

146 4125 181 4136 -
211 4112 442 4168 utraque
469 4112 631 4168 parte
655 4101 696 4153 S
729 4127 767 4137 -
802 4117 872 4155 κο
897 4101 1048 4153 libris
1072 4101 1125 4153 A

210 4207 261 4256 32
304 4209 336 4247 2
372 4193 583 4245 forsius
616 4189 709 4242 SA
741 4216 780 4226 —
815 4207 963 4253 quan
994 4190 1035 4242 S
1068 4216 1107 4227 -
1141 4189 1337 4254 inquid
1371 4189 1434 4242 8ι
1468 4216 1507 4227 -
1543 4205 1573 4253 3
1611 4190 1826 4242 incoato
1858 4189 1911 4241 A
1944 4189 2199 4242 incohato
2231 4187 2398 4255 hirpo
2431 4216 2470 4226 -
2505 4206 2599 4241 ex-

146 4288 355 4334 struunt
397 4283 453 4335 A
487 4308 530 4318 —
565 4296 604 4344 4
650 4279 875 4331 adibent
917 4278 981 4331 8ι
1014 4305 1054 4316 -
1088 4293 1122 4344 7
1153 4279 1442 4343 mancipiis
1472 4280 1572 4331 aed
1603 4279 1663 4332 in
1694 4279 1871 4331 isdem
1900 4280 2080 4344 scripsi
2109 4279 2528 4343 mancipiisdem
2559 4279 2600 4331 S

148 4372 635 4436 mancipiisdeemp
656 4367 709 4419 A
728 4367 1016 4432 mancipiis
1038 4368 1109 4420 de
1128 4368 1186 4420 in
1207 4367 1275 4419 h·
1294 4368 1583 4433 mancipiis
1605 4368 1701 4421 sed
1724 4368 1919 4420 iisdem
1941 4369 2140 4432 (isdem
2154 4366 2203 4432 j)
2224 4366 2419 4432 1211250
2442 4384 2599 4420 man·

153 4458 293 4522 ciplls
326 4462 421 4510 *md
457 4462 529 4510 dc·
565 4458 661 4518 [uf-le
693 4462 789 4506 ἕπε-[1
825 4458 917 4522 pf]
953 4458 1145 4508 iisdem
1181 4474 1289 4522 [Εἲς-
1329 4486 1357 4494 τ
1401 4458 1429 4506 S
1465 4462 1634 4506 multa
1670 4462 1766 4506 AR
1806 4486 1837 4490 —
1886 4478 1934 4506 11
1978 4462 2298 4506 Ε·.·ίι;-ι;·ι]ι1η[υῐ
2334 4458 2418 4506 ΞΑ
2462 4486 2490 4490 -
2538 4478 2594 4516 14
