3109 5559
5 3608 10 3646 l

4 3744 14 3798 l

1454 94 1576 161 Rei
1605 95 1884 161 rusticae
1913 94 2027 160 lib.
2063 94 2170 160 111
2203 116 2258 160 c.
2294 114 2422 181 3-4
2549 114 2631 181 29

164 273 308 340 sola
334 295 410 339 ea
436 295 541 340 res
566 294 838 339 omnem
865 272 1211 358 inpensam
1238 271 1480 338 terreni
1508 272 1721 358 pretio
1749 294 1872 338 suo
1900 271 2152 351 liberet,
2183 272 2240 337 si
2269 272 2471 338 modo
2501 295 2636 338 non

164 379 592 467 prouincialis
622 380 740 445 sed
774 379 1042 445 Italicus
1072 400 1224 465 ager
1253 392 1372 445 est.

253 507 341 552 12
384 488 625 572 Neque
671 485 740 551 id
783 485 1096 571 cuiquam
1141 484 1424 551 dubium
1469 507 1610 551 esse
1656 484 1874 565 debet,
1922 507 2079 551 cum
2123 499 2189 551 et
2234 500 2527 551 nostram
2571 500 2638 552 et

62 623 125 670 90
168 593 301 660 Iuli
320 592 525 659 Attici
550 592 874 659 rationem
900 591 1273 677 dispexerit.
1302 613 1425 658 nos
1448 591 1630 658 enim
1653 591 1888 658 uicena
1911 591 2092 657 milia
2116 592 2493 658 malleolum
2520 615 2638 679 per

166 700 403 765 uineae
429 699 732 784 iugerum
758 698 929 764 inter
952 697 1218 764 ordines
1242 698 1615 785 pangimuS,
1644 697 1754 763 ille
1779 697 2002 764 minus
2028 712 2342 784 quattuor
2366 698 2639 765 milibus

168 805 467 893 deponit.
504 804 694 871 cuius
726 818 802 871 ut
834 804 1058 871 uincat
1091 804 1274 884 ratio,
1312 805 1535 871 nullus
1567 818 1792 870 tamen
1824 804 1932 870 uel
1967 803 2421 890 iniquissimus
2455 805 2639 871 locus

168 935 306 979 non
345 911 663 977 maiorem
702 924 1052 998 quaestum
1091 912 1323 977 reddet
1360 932 1564 997 quam
1601 911 1925 997 acceperit
1963 910 2329 997 inpensam:
2421 931 2505 993 13
2548 912 2636 977 si-

171 1018 467 1105 quidem,
496 1033 572 1085 ut
595 1017 866 1085 cultoris
889 1017 1298 1104 neglegentia
1320 1040 1434 1084 sex
1457 1017 1639 1083 milia
1662 1017 1993 1083 seminum
2018 1017 2359 1097 intereant,
2387 1018 2640 1105 reliqua

69 1154 126 1203 ος
167 1140 392 1192 cumen
419 1126 650 1191 decem
677 1125 856 1190 milia
879 1123 1094 1190 tribus
1119 1123 1389 1190 milibus
1414 1146 1848 1191 nummorum
1874 1123 2153 1190 libenter
2179 1138 2246 1190 et
2271 1146 2427 1191 cum
2453 1125 2638 1191 lucro

173 1234 706 1318 redemptore<s>
756 1236 1319 1310 mer<c>ant<ur>,
1373 1252 1541 1317 quae
1591 1251 1852 1296 summa
1899 1230 2092 1296 tertia
2139 1243 2322 1317 parte
2371 1246 2638 1318 superat

174 1339 305 1405 duo
329 1338 515 1404 milia
536 1338 1006 1417 sestertiorum,
1035 1337 1266 1423 quanti
1290 1350 1588 1403 constare
1612 1337 1915 1423 iugerum
1939 1336 2285 1403 uinearum
2310 1339 2637 1424 praedixi-

174 1467 341 1511 mus.
376 1466 785 1564 quamquam
815 1457 1037 1510 nostra
1066 1465 1222 1510 cura
1251 1443 1321 1509 in
1350 1456 1612 1509 tantum
1642 1442 1774 1508 iam
1803 1443 2140 1529 processit,
2174 1458 2250 1510 ut
2280 1466 2415 1509 non
2445 1445 2638 1511 inuiti

176 1551 490 1618 sestertiis
535 1550 820 1617 sescenis
868 1550 1161 1617 nummis
1208 1549 1466 1636 singula
1513 1550 1694 1615 milia
1742 1549 2122 1616 uiuiradicis
2170 1572 2208 1615 a
2255 1572 2363 1616 me
2412 1551 2641 1618 rustici

59 1686 140 1722 100
177 1671 570 1736 mercentur,
663 1677 747 1739 14
788 1657 905 1722 sed
938 1657 1052 1722 uix
1083 1657 1262 1722 istud
1295 1656 1460 1722 alius
1493 1656 1906 1742 praestiterit:
1944 1677 2098 1721 nam
2130 1678 2252 1723 nec
2285 1657 2640 1743 quisquam

180 1763 369 1831 nobis
412 1764 604 1830 facile
645 1763 994 1829 crediderit
1034 1776 1286 1829 tantam
1327 1762 1397 1829 in
1438 1762 1662 1848 agellis
1701 1784 1842 1828 esse
1885 1763 2124 1829 nostris
2166 1762 2640 1829 abundantiam

184 1870 339 1950 uini,
400 1883 718 1957 quantam
759 1883 853 1948 tu,
897 1869 1169 1949 Siluine,
1215 1869 1479 1935 nouisti.
1526 1869 1856 1935 mediocre
1899 1869 2119 1955 itaque
2161 1868 2640 1956 uulgatumque

180 1977 465 2062 pretium
501 1976 877 2042 uiuiradicis
911 1975 1123 2062 posui,
1163 1998 1297 2062 quo
1331 1975 1626 2055 celerius,
1665 1975 1849 2042 nullo
1882 1976 2327 2055 dissentiente,
2364 1977 2642 2063 perduci

181 2098 446 2168 possent
479 2083 551 2149 in
583 2095 874 2149 nostram
906 2083 1320 2162 sententiam,
1356 2082 1473 2168 qui
1505 2096 1776 2168 propter
1807 2082 2242 2168 ignorantiam
2272 2105 2481 2169 genus
2513 2084 2640 2150 hoc

65 2216 144 2265 105
185 2189 661 2276 agricolationis
705 2188 1153 2255 reformidant.

185 2300 215 2310 “
265 2315 347 2378 15
388 2297 551 2362 Siue
582 2317 736 2381 ergo
768 2295 1223 2381 pastinationis
1254 2295 1504 2361 reditus
1534 2317 1652 2361 seu
1684 2295 2056 2361 futurarum
2087 2317 2238 2382 spes
2268 2296 2639 2362 uindemia-

186 2423 326 2468 rum
365 2402 699 2469 cohortari
739 2423 861 2468 nos
902 2401 1100 2467 debet
1141 2400 1228 2467 ad
1267 2401 1665 2487 positionem
1706 2402 2072 2481 uinearum;
2116 2424 2281 2488 quas
2323 2403 2641 2489 quoniam

187 2508 531 2575 docuimus
576 2508 843 2574 rationis
886 2530 1028 2574 esse
1073 2529 1434 2587 conserere,
1484 2529 1662 2574 nunc
1707 2508 2139 2574 institutionis
2181 2530 2409 2574 earum
2453 2531 2640 2595 prae-

164 2628 366 2701 ‚cepta
410 2613 741 2681 dabimus.

111 2818 153 2893 4
268 2832 307 2873 ι
345 2810 477 2876 Cui
508 2810 733 2875 uineta
761 2809 973 2876 facere
1002 2809 1187 2877 cordi
1217 2824 1335 2889 est,
1369 2810 1719 2896 praecipue
1749 2824 1996 2890 caueat,
2030 2832 2114 2876 ne
2144 2810 2389 2876 alienae
2419 2810 2641 2896 potius

190 2935 372 2982 curae
395 2938 602 3003 quam
625 2937 780 2981 suae
804 2917 1068 2982 credere
1091 2916 1272 2996 uelit,
1299 2939 1468 2983 neue
1491 2930 1818 2982 mercetur
1842 2916 2273 2982 uiuiradicem
2296 2917 2413 2982 sed
2432 2938 2641 3003 genus

194 3022 425 3087 surculi
467 3021 1010 3109 probatissimum
1052 3023 1234 3088 domi
1276 3037 1577 3089 conserat
1617 3021 1943 3108 faciatque
1984 3022 2339 3102 uitiarium,
2385 3045 2465 3088 ex
2506 3045 2642 3109 quo

193 3129 387 3211 possit
416 3149 654 3215 agrum
683 3128 895 3194 uineis
925 3129 1185 3195 uestire.
1221 3151 1376 3195 nam
1407 3151 1577 3216 quae
1607 3129 1949 3215 peregrina
1978 3151 2058 3194 ex
2088 3129 2348 3194 diuersa
2379 3129 2642 3215 regione

132 3258 156 3305 s
196 3235 432 3300 semina
489 3234 997 3314 transferuntur,
1060 3235 1281 3301 minus
1339 3249 1497 3301 sunt
1554 3234 1895 3300 familiaria
1954 3249 2179 3301 nostro
2239 3234 2379 3300 solo
2440 3256 2641 3321 quam

154 3390 174 3396 -
195 3341 552 3420 uernacula,
580 3363 792 3427 eoque
816 3340 1000 3407 uelut
1021 3340 1380 3427 alienigena
1402 3341 1835 3408 reformidant
1856 3354 2178 3408 mutatam
2200 3341 2360 3408 caeli
2382 3340 2642 3428 locique

261 3512 315 3563 ⁴²
344 3514 445 3564 3-7
469 3499 677 3553 Colum·
700 3499 811 3552 arb·
837 3513 923 3563 1,3
959 3527 997 3536 -
1033 3516 1167 3564 9-11
1193 3499 1333 3553 Ptin.
1356 3510 1469 3553 nat.
1495 3513 1687 3564 17,17a

198 3636 420 3706 AhM'po
453 3669 492 3679 -
527 3642 600 3704 89
617 3641 878 3705 cuiquam
894 3659 991 3695 om.
1011 3641 1126 3694 SA¹
1161 3669 1198 3678 -
1234 3658 1303 3706 90
1314 3652 1434 3706 post
1450 3660 1551 3694 nos
1569 3641 1691 3694 add.
1712 3642 1821 3694 iam
1836 3641 1963 3694 Am
1997 3669 2035 3678 -
2070 3642 2461 3695 molleolumA
2493 3669 2532 3679 -
2567 3659 2636 3707 94

201 3724 457 3782 intereunt
502 3730 584 3783 Αι
626 3730 882 3794 ingerunt
923 3731 1051 3784 Am
1085 3758 1123 3767 -
1158 3732 1227 3795 96
1261 3733 1634 3796 redemptores
1669 3743 1981 3784 mercantur
2012 3732 2193 3796 scripsi
2227 3733 2639 3795 redemptorum

202 3828 349 3868 erunt
366 3819 479 3871 ΒΑ*
500 3819 821 3885 redemptor
841 3821 1033 3872 emerit
1054 3820 1181 3872 A²R
1202 3820 1321 3872 uide
1340 3820 1459 3872 diss.
1478 3831 1571 3885 pp.
1597 3831 1701 3882 153
1722 3838 1794 3885 sq.
1832 3847 1871 3857 -
1907 3821 1974 3884 98
1996 3821 2186 3873 inuitis
2207 3820 2318 3886 A¹p
2354 3847 2392 3857 -
2427 3837 2496 3884 99
2517 3837 2639 3872 sex-

202 3904 336 3958 cenis
360 3908 462 3961 AR
494 3936 534 3946 -
573 3908 786 3973 singula
812 3922 894 3975 γυ
920 3909 1148 3973 singulis
1176 3908 1440 3974 Sammo
1467 3910 1668 3973 singuli
1687 3908 1843 3975 ,5pr
1877 3936 1914 3946 -
1956 3926 2055 3961 100
2083 3910 2216 3962 istut
2244 3909 2284 3962 S
2316 3936 2356 3945 —
2397 3926 2489 3961 101
2520 3921 2640 3961 tan-

204 4001 307 4044 um
329 3995 439 4049 8¹1³
462 4008 582 4051 tam
607 3997 745 4050 s¹A¹
769 4008 998 4049 tamtam
1022 3998 1096 4050 Α*
1130 4025 1168 4034 -
1210 4015 1308 4051 102
1335 4009 1599 4062 quamtan
1623 3998 1696 4050 Αι
1723 4010 2005 4063 quamtam
2028 3999 2104 4051 Α*
2136 4025 2173 4035 -
2201 4015 2296 4063 103
2326 3998 2640 4050 uiuiradicis

201 4077 284 4145 3¹⁵9
316 4085 628 4139 uiniradicis
664 4085 987 4151 sAhmyo
1020 4114 1058 4123 -
1093 4088 1247 4152 quod
1280 4088 1384 4140 AR
1418 4115 1456 4124 -
1497 4101 1597 4151 107
1633 4088 1908 4139 coitortari
1943 4087 2057 4139 SA¹
2091 4114 2130 4123 -
2170 4088 2269 4140 108
2305 4104 2529 4140 consere
2563 4087 2638 4139 Αι

266 4184 316 4235 42
371 4191 392 4226 1
436 4192 575 4228 caue
611 4174 689 4226 Αι
723 4201 762 4211 -
797 4191 830 4229 2
870 4187 1167 4228 mertcetur
1205 4177 1267 4229 8ι
1301 4203 1340 4213 -
1374 4177 1734 4229 uiniradicem
1772 4175 2002 4242 hbfpyo
2036 4203 2074 4212 -
2111 4192 2140 4240 3
2183 4176 2416 4228 surculis
2457 4175 2571 4228 SA¹
2606 4202 2645 4212 -

208 4259 631 4317 mbntiaimum
652 4263 727 4315 Αι
762 4290 801 4300 -
835 4265 989 4317 domi
1009 4265 1136 4318 A¹R
1156 4266 1290 4317 boni
1310 4265 1425 4318 sA¹
1458 4292 1497 4302 -
1531 4267 1791 4318 uitiarum
1812 4265 2098 4318 SA²mb¹r
2131 4291 2170 4301 -
2203 4282 2238 4329 4
2260 4276 2474 4317 uastare
2495 4265 2568 4317 Αι
2605 4292 2643 4301 -

211 4360 429 4408 perenna
459 4354 574 4406 sA²
609 4379 651 4390 -
687 4370 715 4418 s
751 4353 958 4406 familia
988 4354 1063 4406 Α*
1096 4381 1136 4390 -
1169 4355 1287 4407 solo
1319 4372 1417 4407 om.
1450 4354 1527 4407 Αι
1561 4381 1600 4391 -
1635 4356 1668 4407 6
1701 4371 1877 4419 eoque
1908 4353 2150 4419 SA¹ij
2183 4365 2236 4406 et
2268 4371 2410 4418 quae
2443 4354 2642 4418 (eoque

211 4436 298 4498 1⁸)
321 4438 513 4494 A'hhu
545 4470 585 4478 ι
621 4443 953 4506 alienigenae
977 4443 1089 4494 SM
1125 4470 1161 4478 -
1199 4443 1230 4494 fl
1257 4460 1325 4494 an
1353 4444 1397 4494 is
1421 4443 1586 4498 SA'R
1614 4461 1706 4494 ans
1734 4445 1801 4494 A*
1846 4474 1874 4478 —
1916 4460 2020 4506 quse
2050 4443 2115 4494 A'
2166 4470 2179 4478 .
2230 4459 2258 4498 s]
2287 4443 2494 4494 biennii
2521 4444 2570 4494 R
2614 4474 2638 4478 -
