3109 5559
330 258 386 307 70
423 233 610 319 quod
657 246 757 298 est
806 232 1072 311 durum,
1119 233 1398 298 summis
1431 232 1641 319 glebis
1674 237 2144 320 optega[n]tur.
2236 256 2319 298 ιι
2363 235 2480 301 sed
2516 235 2670 303 huic
2704 236 2888 323 operi

425 337 750 425 exigendo
781 340 968 426 quasi
998 339 1332 426 quandam
1361 339 1735 406 machinam
1763 342 2122 407 commenti
2152 341 2431 408 maiores
2458 343 2666 408 nostri
2695 365 2886 429 regu·

225 486 236 579 1
424 444 557 511 lam
587 444 1098 527 fabricauerunt,
1132 446 1201 512 in
1231 447 1420 513 cuius
1451 446 1647 513 latere
1679 446 1935 533 uirgula
1964 448 2347 533 prominens
2376 448 2460 514 ad
2490 471 2636 515 eam
2666 449 2886 516 altitu-

425 551 671 631 dinem,
737 574 869 639 qua
929 552 1212 639 deprimi
1271 553 1530 619 sulcum
1590 567 1871 639 oportet,
1935 553 2257 640 contingit
2316 576 2648 621 summam
2707 556 2885 642 ripae

422 673 699 744 partem.
736 659 806 725 id
836 681 1046 745 genus
1076 682 1421 726 mensurae
1453 660 1775 726 ciconiam
1807 676 2049 728 uocant
2081 662 2328 740 rustici;
2361 662 2480 728 sed
2511 684 2589 728 ea
2619 683 2886 750 quoque

325 790 379 841 7⁵
420 764 726 832 fraudem
751 766 1002 853 recipit,
1031 767 1346 853 quoniam
1370 766 1735 853 plurimum
1759 767 2049 847 interest,
2076 782 2304 834 utrum
2327 790 2474 834 eam
2497 789 2776 854 pronam
2801 791 2886 834 an

422 887 670 939 rectam
700 894 928 958 ponas.

508 980 656 1045 Nos
691 979 912 1066 itaque
948 979 1103 1047 huic
1137 979 1476 1046 machinae
1511 980 1835 1068 quasdam
1867 981 2071 1067 partis
2104 980 2484 1060 adiecimus,
2522 1003 2691 1069 quae
2726 1004 2884 1048 con-

425 1085 845 1152 tendentium
910 1085 1095 1153 litem
1160 1087 1809 1175 disputationemque
1877 1087 2280 1154 dirimerent:
2372 1108 2455 1154 12
2498 1110 2656 1154 nam
2722 1088 2886 1154 duas

423 1193 680 1279 regulas
724 1192 866 1259 eius
911 1193 1293 1273 latitudinis,
1346 1199 1556 1281 <qua>
1604 1194 1964 1280 pastinator
2007 1194 2268 1260 sulcum
2311 1194 2605 1261 facturus
2648 1207 2767 1274 est,
2816 1195 2886 1260 in

324 1311 384 1362 80
421 1299 713 1384 speciem
755 1298 1046 1366 Graecae
1087 1299 1194 1366 chi
1234 1299 1484 1367 litterae
1527 1300 1991 1367 decusauimus
2029 1314 2227 1388 atque
2267 1300 2357 1367 ita
2397 1301 2651 1368 mediae
2691 1302 2881 1388 parti,

424 1427 555 1492 qua
592 1405 853 1492 regulae
892 1407 1418 1486 committuntur,
1460 1406 1800 1494 antiquam
1837 1407 2016 1472 illam
2055 1407 2377 1474 ciconiam
2413 1406 2769 1487 infiximus,
2810 1423 2886 1475 ut

225 1496 238 1585 l
421 1525 766 1599 tamquam
817 1514 1195 1600 suppositae
1249 1512 1390 1579 basi
1442 1513 1527 1579 ad
1581 1513 2130 1600 perpendiculum
2181 1527 2480 1581 normata
2532 1514 2880 1582 insisteret.

424 1618 663 1685 deinde
706 1632 1134 1698 transuersae,
1182 1641 1349 1706 quae
1394 1634 1493 1686 est
1535 1620 1606 1685 in
1649 1619 1867 1700 latere,
1913 1619 2206 1707 uirgulae
2248 1619 2551 1686 fabrilem
2594 1619 2885 1686 libellam

423 1725 990 1812 superposuimus.
1019 1726 1113 1792 sic
1139 1726 1586 1812 compositum
1611 1749 1933 1812 organum
1958 1748 2114 1793 cum
2140 1726 2210 1792 in
2235 1727 2495 1793 sulcum
2521 1726 2886 1794 demissum

223 1824 230 1845 ¹
322 1841 377 1906 8⁵
420 1845 537 1911 est,
611 1831 796 1898 litem
861 1831 1116 1898 domini
1170 1846 1237 1899 et
1292 1832 1715 1899 conductoris
1768 1833 1909 1899 sine
1964 1833 2203 1899 iniuria
2257 1832 2531 1900 diducit:
2623 1854 2707 1916 13
2731 1855 2885 1900 nam

221 1890 236 2129 }
422 1938 625 2017 stella,
669 1960 871 2025 quam
912 1938 1199 2004 diximus
1240 1938 1532 2006 Graecae
1572 1937 1680 2005 chi
1719 1939 1968 2006 litterae
2007 1939 2243 2005 faciem
2282 1938 2600 2019 obtinere,
2644 1940 2885 2025 pariter

422 2044 589 2111 imae
628 2044 843 2111 fossae
882 2044 1101 2111 solum
1142 2046 1411 2112 metitur
1450 2059 1648 2133 atque
1688 2045 2020 2131 perlibrat,
2064 2046 2220 2133 quia
2258 2045 2399 2113 siue
2439 2067 2727 2132 pronum
2765 2068 2881 2112 seu

223 2146 236 2177 Ι

225 0 250 459 ι
835 120 862 137 Χ
1627 56 1745 122 Rei
1776 56 2053 123 rusticae
2084 56 2196 123 lib.
2232 57 2340 124 III
2372 80 2428 124 c.
2469 79 2674 144 13—14
2802 79 2887 145 49

421 2151 810 2238 resupinum
844 2165 963 2231 est,
1002 2152 1328 2238 positione
1364 2151 1704 2219 machinae
1741 2152 2190 2238 deprenditur,
2230 2153 2479 2239 quippe
2514 2152 2882 2238 praedictae

421 2258 714 2345 uirgulae
748 2259 1162 2346 superposita
1195 2258 1415 2325 libella
1446 2259 1835 2326 alterutrum
1867 2260 2156 2326 ostendit
2189 2281 2312 2326 nec
2344 2259 2590 2345 patitur
2623 2272 2881 2326 exacto-

321 2390 381 2438 90
420 2387 559 2431 rem
592 2365 813 2452 operis
847 2365 1083 2453 decipi.
1121 2365 1215 2432 sic
1249 2387 1675 2453 permensum
1707 2380 1773 2432 et
1805 2365 2236 2451 perlibratum
2269 2387 2439 2452 opus
2472 2365 2542 2432 in
2576 2365 2881 2432 similitu-

422 2471 647 2538 dinem
694 2472 988 2538 ueruacti
1035 2494 1296 2559 semper
1340 2472 1640 2558 procedit
1684 2486 2077 2559 tantumque
2124 2473 2317 2558 spatii
2363 2472 2534 2538 linea
2579 2486 2883 2558 promota

423 2591 806 2666 occupatur,
863 2593 1190 2666 quantum
1242 2578 1604 2665 effos<s>us
1650 2579 1872 2645 sulcus
1917 2579 2348 2665 longitudinis
2394 2601 2469 2645 ac
2515 2578 2882 2645 latitudinis

422 2686 698 2772 optinet.
734 2698 932 2773 atque
964 2685 1035 2752 id
1064 2707 1274 2773 genus
1303 2685 1714 2771 praeparandi
1744 2685 1866 2752 soli
1897 2685 2439 2772 probatissimum
2470 2699 2590 2752 est.

305 2978 384 3056 14
423 2969 585 3050 Quo
614 2980 951 3056 tempore
975 2967 1500 3035 nouellandum
1531 2979 1603 3035 et
1625 2968 1841 3035 uinea
1865 2967 2294 3056 deponenda

219 3064 224 3165 ι
508 3151 548 3193 ι
590 3129 907 3216 Sequitur
937 3151 1108 3215 opus
1138 3129 1368 3196 uineae
1401 3129 1860 3208 conserendae,
1897 3150 2065 3215 quae
2095 3129 2205 3195 uel
2234 3150 2389 3195 uere
2421 3129 2529 3195 uel
2559 3141 2879 3195 autumno

419 3236 812 3323 tempestiue
842 3235 1215 3322 deponitur,
1244 3259 1399 3302 uere
1428 3236 1684 3315 melius,
1713 3235 1770 3302 si
1796 3249 1909 3302 aut
1935 3236 2204 3322 pluuius
2231 3250 2343 3302 aut
2368 3235 2647 3321 frigidus
2674 3248 2881 3301 status

494 3446 581 3496 14:
619 3430 725 3484 2-8
751 3430 893 3483 Ptin.
923 3440 1034 3482 nat.
1066 3443 1288 3493 17,r7o,·
1318 3430 1422 3495 Gp.
1452 3430 1541 3493 5,6
1577 3457 1616 3467 -
1652 3447 1757 3494 2-4
1786 3430 1924 3483 Cato
1951 3447 2062 3495 agr.
2094 3443 2246 3493 40,r‚·
2271 3429 2482 3482 Pauad.
2511 3442 2655 3492 3,9,9
2692 3456 2730 3466 -
2764 3429 2869 3493 4-6

421 3518 628 3572 Pallad.
653 3532 783 3583 11,4
818 3546 857 3556 -
891 3535 1031 3583 9-19
1050 3519 1191 3572 Ptin.
1215 3529 1326 3571 nat.
1352 3519 1719 3583 17,169—17o,·
1743 3519 1846 3584 Gp.
1871 3532 1995 3583 5,r4

421 3695 594 3759 gleuis
617 3695 758 3748 S¹A¹
793 3723 831 3733 -
866 3707 1155 3761 optegatur
1175 3697 1358 3762 scripsi
1380 3697 1669 3761 obtegatur
1693 3710 1814 3763 γρς
1837 3707 2166 3760 optegantur
2189 3695 2355 3747 SA¹R
2378 3696 2705 3759 obtegantur
2728 3694 2803 3747 A·
2840 3721 2879 3731 -

421 3797 483 3848 71
527 3786 761 3838 maiores
798 3783 945 3851 γιρς
980 3786 1200 3838 maioris
1236 3785 1379 3838 SAR
1413 3812 1452 3822 -
1486 3798 1553 3850 73
1595 3786 1711 3849 ripa
1747 3785 1839 3837 SA
1872 3812 1910 3821 -
1945 3786 2013 3849 76
2052 3796 2225 3837 tetam
2260 3784 2336 3837 A¹
2370 3811 2408 3821 -
2442 3797 2512 3848 79
2549 3801 2660 3848 qua
2695 3797 2739 3850 γ
2774 3801 2875 3835 om.

219 3862 222 3967 l
420 3871 564 3925 SAR
595 3901 634 3911 -
669 3874 741 3926 80
785 3873 992 3926 Creone
1034 3874 1095 3926 S¹
1131 3901 1170 3911 -
1204 3875 1294 3927 chi
1337 3892 1435 3928 om.
1480 3875 1586 3927 AR
1619 3901 1658 3911 -
1692 3874 2078 3926 decusauimus
2121 3874 2190 3926 u*
2233 3873 2620 3925 decusabimus
2662 3873 2805 3925 SAR
2840 3900 2879 3910 -

422 3962 601 4014 media
640 3963 746 4015 AR
780 3989 819 3999 -
852 3974 1006 4027 parte
1038 3963 1063 4029 j
1098 3990 1137 4000 -
1173 3965 1235 4016 81
1282 3965 1561 4017 ciconeam
1602 3962 1686 4016 Sh
1719 3990 1757 4000 -
1792 3964 1860 4016 82
1902 3963 2019 4015 basi
2059 3962 2122 4014 S’
2164 3962 2281 4014 uasi
2321 3962 2488 4014 s¹AR
2521 3989 2559 3999 -
2596 3963 2661 4026 83
2706 3962 2874 4014 latere

421 4051 582 4115 q¹ii⁸t
608 4052 809 4104 alterae
838 4051 982 4104 SAR
1015 4078 1054 4089 -
1087 4052 1328 4106 liuellam
1356 4053 1419 4105 S¹
1453 4079 1491 4089 —
1527 4054 1598 4117 84
1626 4053 2019 4116 supposuimus
2047 4052 2152 4103 AR
2185 4078 2224 4088 -
2258 4051 2550 4103 dimissum
2578 4050 2879 4116 Ahjnyca

419 4165 457 4175 -
491 4141 558 4204 85
589 4141 948 4193 conducturis
976 4141 1050 4193 ΑΙ
1084 4168 1124 4179 ·-
1158 4142 1381 4194 deducit
1410 4142 1578 4194 S¹AR
1612 4168 1650 4178 -
1684 4142 1753 4194 86
1782 4141 1872 4193 chi
1902 4158 1999 4193 om.
2032 4140 2200 4193 S¹AR
2234 4166 2273 4176 -
2306 4140 2504 4192 faciem
2532 4140 2607 4204 Sc
2636 4140 2876 4191 faciliem

420 4227 503 4280 ΑΙ
529 4229 674 4282 facili
708 4248 761 4282 u.
798 4240 876 4294 sp.
906 4229 931 4295 j
963 4229 1179 4282 facilem
1199 4229 1400 4297 Ιιλργο
1435 4258 1473 4268 -
1507 4230 1742 4283 obtineri
1764 4230 1804 4282 S
1838 4257 1876 4267 -
1912 4231 1980 4294 87
2001 4230 2222 4293 perlirat
2244 4229 2305 4281 S²
2341 4255 2380 4265 —
2415 4230 2483 4281 88
2505 4229 2875 4293 deprehendi-

421 4328 512 4370 tur
529 4318 634 4370 AR
666 4345 706 4355 -
740 4334 811 4383 92
831 4318 1063 4372 effossus
1085 4319 1280 4372 Gesner
1300 4332 1353 4372 et
1375 4321 1480 4384 (est
1498 4319 1557 4386 ρ)
1580 4319 1736 4372 fusus
1756 4319 1899 4371 SAR
1932 4346 1970 4356 -
2006 4335 2072 4382 93
2095 4318 2309 4370 obtinet
2328 4317 2562 4384 A'hbpc

494 4422 583 4472 14:
621 4424 641 4459 1
663 4418 748 4473 pr.
772 4406 1049 4473 SAhbryc
1082 4435 1122 4446 -
1155 4408 1376 4462 uincam
1395 4407 1580 4473 A’bfy
1613 4435 1651 4445 -
1685 4408 2071 4473 deponendam
2091 4405 2357 4471 SA¹hbfy
2391 4433 2429 4443 -
2465 4423 2494 4471 3
2518 4406 2723 4470 pluuiis
2745 4406 2874 4471 Apa

420 4536 452 4583 4
467 4542 506 4552 ··
523 4532 691 4580 671283
