3109 5559
1734 262 1851 327 Rei
1883 263 2160 329 rusticae
2191 262 2304 329 lib.
2341 264 2437 329 IV
2465 285 2522 329 c.
2557 283 2769 349 22-24

598 458 645 503 2
693 437 863 504 Vitis
901 451 1125 504 autem
1163 460 1318 503 cum
1356 438 1442 504 sit
1480 461 1598 525 per
1638 453 1949 525 quattuor
1988 439 2199 505 diuisa
2237 439 2459 526 partis,
2501 440 2779 506 totidem

502 545 820 630 regiones
855 544 1106 631 aspicit.
1148 566 1316 630 quae
1351 544 1839 624 declinationes,
1879 567 2033 611 cum
2068 546 2421 611 contrarias
2458 546 2628 612 inter
2663 569 2732 612 se
2770 569 2799 633 ς

504 664 686 717 tates
729 650 1033 729 habeant,
1078 650 1329 716 uariam
1372 673 1640 738 quoque
1683 652 2018 739 postulant
2060 652 2542 718 ordinationem
2583 675 2705 739 pro
2747 675 2799 719 c«

500 758 699 823 tione
746 779 900 822 suae
948 757 1294 843 positionis
1339 757 1409 823 in
1456 757 1753 844 partibus
1800 758 2058 824 uitium.
2110 758 2308 844 igitur
2354 781 2429 824 ea
2475 758 2758 837 brachia,

403 893 460 928 10
502 863 1079 950 septentrionibus
1129 863 1386 929 obiecta
1427 878 1603 942 sunt,
1650 865 2074 951 paucissimas
2116 864 2338 951 plagas
2379 865 2671 952 accipere
2715 865 2797 930 de

504 983 576 1036 et
617 970 854 1056 magis,
896 970 953 1035 si
992 970 1405 1057 putabuntur
1443 970 1903 1056 ingruentibus
1941 971 2073 1036 iam
2110 970 2485 1056 frigoribuS,
2530 972 2773 1058 quibus

505 1076 715 1143 trices
744 1077 1120 1143 inuruntur.
1203 1097 1253 1159 3
1296 1077 1516 1162 itaque
1546 1099 1680 1142 una
1707 1077 2170 1143 tantummodo
2200 1079 2470 1143 materia
2497 1078 2651 1163 iugo
2681 1101 2799 1165 pro

508 1196 578 1249 et
624 1205 809 1248 unus
856 1182 1026 1249 infra
1073 1205 1220 1249 eam
1266 1196 1487 1249 custos
1534 1183 1657 1249 erit
1704 1184 2239 1262 summittenduS,
2293 1184 2406 1270 qui
2454 1185 2660 1250 uitem
2709 1207 2799 1250 m(

508 1312 772 1355 annum
808 1303 1101 1356 renouet.
1139 1303 1207 1356 at
1239 1312 1276 1356 e
1312 1290 1638 1356 contrario
1674 1312 1792 1377 per
1827 1290 2171 1356 meridiem
2206 1289 2428 1377 plures
2463 1291 2764 1377 palmites

413 1425 466 1472 15
511 1396 888 1474 mittantur,
929 1396 1045 1482 qui
1081 1396 1486 1462 laborantem
1522 1410 1802 1463 matrem
1838 1396 2212 1463 feruoribus
2247 1397 2511 1462 aestiuis
2546 1419 2796 1484 opacen

510 1502 856 1589 patiantur
893 1516 1044 1568 ante
1082 1503 1526 1568 maturitatem
1565 1502 1859 1570 fructum
1884 1504 2263 1569 inarescere.
2293 1504 2562 1569 orientis
2587 1517 2784 1589 atque

517 1609 742 1675 dentis
770 1608 950 1675 haud
977 1630 1133 1674 sane
1160 1631 1396 1695 magna
1422 1623 1522 1675 est
1550 1610 1619 1675 in
1648 1610 1988 1697 putatione
2017 1610 2401 1689 differentia,
2434 1610 2749 1696 quoniam
2776 1632 2799 1675 s

512 1716 654 1801 pari
689 1715 1007 1781 horarum
1039 1738 1316 1781 numero
1347 1716 1473 1781 sub
1505 1729 1789 1803 utroque
1821 1717 1923 1782 axi
1955 1716 2109 1782 uitis
2141 1717 2394 1803 accipit.

602 1842 644 1905 4
691 1822 951 1888 Modus
991 1822 1212 1909 itaque
1253 1823 1676 1888 materiarum
1717 1824 1773 1888 is
1811 1824 1954 1901 erit,
1999 1845 2200 1908 quem
2243 1822 2515 1888 dictabit
2556 1822 2743 1888 humi
2784 1846 2799 1889 z

414 1956 493 1992 ιο·
513 1928 727 2015 ipsius
758 1929 983 2016 stirpis
1012 1929 1271 1996 laetitia.
1305 1928 1466 1995 haec
1495 1930 1566 1994 in
1595 1929 2003 2007 uniuersum,
2037 1929 2146 1993 illa
2174 1951 2292 2015 per
2320 1929 2523 2015 partis
2554 1929 2799 1995 custodi

516 2049 690 2102 sunt.
725 2056 886 2100 nam
913 2049 988 2102 ut
1017 2036 1099 2102 ab
1129 2037 1261 2101 ima
1289 2036 1426 2101 uite
1456 2036 1641 2122 quasi
1673 2058 1710 2100 a
1740 2035 2139 2122 quibusdam
2167 2034 2617 2101 fundamentis
2646 2036 2799 2122 inci1

516 2162 782 2228 semper
807 2139 979 2206 circa
1001 2162 1152 2206 crus
1177 2140 1498 2206 dolabella
1522 2141 1938 2208 demouenda
1962 2155 2133 2206 terra
2156 2154 2275 2220 est;
2302 2155 2367 2206 et
2391 2141 2447 2206 si
2470 2141 2754 2221 suboleS,
2784 2165 2799 2206 ‹

521 2248 749 2313 rustici
796 2246 1222 2333 suffraginem
1265 2261 1527 2326 uocant,
1576 2247 1907 2313 radicibus
1951 2247 2278 2326 adhaeret,
2328 2248 2672 2333 diligenter
2715 2270 2799 2333 ex1

518 2354 719 2420 tanda
774 2352 1085 2439 ferroque
1139 2353 1505 2420 adleuanda
1560 2367 1678 2432 est,
1736 2367 1811 2420 ut
1866 2353 2172 2419 hibernas
2227 2375 2430 2439 aquas
2486 2368 2769 2441 respuat:

425 2485 480 2534 25
522 2473 810 2545 praestat
853 2482 933 2525 ex
975 2459 1250 2525 uulnere
1293 2473 1521 2546 postea
1565 2460 1866 2525 subolem
1911 2460 2454 2546 repullescentem
2499 2460 2739 2526 uellere
2784 2484 2799 2525 ‹

524 2566 847 2632 nodosam
886 2578 952 2632 et
992 2566 1290 2632 scabram
1330 2567 1591 2653 plagam
1631 2566 2018 2652 relinquere.
2063 2567 2189 2632 hoc
2230 2567 2408 2632 enim
2448 2567 2650 2632 modo
2692 2567 2799 2633 cel«

524 2672 895 2740 cicatricem
927 2672 1131 2751 ducit,
1166 2672 1276 2738 illo
1308 2687 1580 2739 cauatur
1610 2687 1808 2758 atque
1838 2673 2175 2759 putrescit.

606 2797 653 2861 5
690 2780 1061 2847 Pcrcuratis
1120 2779 1359 2845 deinde
1418 2779 1607 2865 quasi
1664 2778 1947 2865 pedibus
2006 2802 2194 2845 crura
2252 2780 2394 2866 ipsa
2449 2780 2799 2866 truncique

526 2886 1004 2973 cumspiciendi
1032 2900 1207 2965 sunt,
1239 2908 1322 2951 ne
1349 2899 1463 2952 aut
1489 2885 1940 2972 pampinarius
1966 2885 2216 2972 palmes
2244 2886 2507 2952 innatus
2534 2899 2647 2952 aut
2674 2909 2799 2951 uer:

435 3015 495 3062 30
531 2990 756 3058 similis
786 2992 1183 3058 furunculus
1214 2992 1642 3078 relinquatur,
1678 2992 1803 3057 nisi
1833 2992 1887 3058 si
1920 2992 2199 3078 iugo[m]
2233 2993 2597 3078 superiecta
2628 2993 2782 3058 uitis

530 3095 778 3165 derabit
811 3098 897 3164 ab
930 3098 1237 3165 inferiore
1269 3114 1452 3185 parte
1485 3098 1798 3165 reuocari.
1834 3098 1888 3164 si
1919 3121 2079 3164 uero
2111 3099 2327 3164 trunci
2360 3120 2509 3185 pars
2541 3113 2799 3164 senecta

532 3203 768 3271 adflatu
803 3205 1095 3292 peraruit
1127 3219 1239 3270 aut
1271 3206 1460 3292 aquis
1492 3205 1837 3291 noxiisque
1870 3205 2281 3283 animalibus,
2317 3226 2484 3291 quae
2516 3228 2633 3291 per
2666 3227 2799 3270 me<

533 3307 860 3398 inrepunt,
904 3325 1132 3378 cauata
1168 3312 1324 3377 uitis
1361 3326 1480 3391 est,
1523 3311 1846 3378 dolabella
1883 3312 2231 3377 conueniet
2269 3333 2627 3397 expurgare
2667 3311 2799 3398 qui<

537 3541 927 3602 conpositionis
946 3539 1103 3606 Ahtp
1121 3540 1527 3592 constitutionis
1541 3539 1727 3605 Ῑλγᾳο
1759 3567 1798 3576 -
1832 3552 1985 3604 parte
2003 3541 2056 3592 R
2090 3566 2128 3575 -
2163 3556 2225 3590 ea
2242 3540 2295 3591 R
2314 3540 2371 3591 in
2389 3539 2480 3591 SA
2505 3566 2543 3576 -
2570 3557 2590 3591 1
2606 3558 2626 3592 1
2654 3540 2799 3604 puta]

538 3623 625 3677 SA
655 3654 694 3664 -
730 3630 1116 3694 ingruentibus
1151 3629 1258 3681 iam
1287 3629 1341 3681 R
1371 3629 1805 3693 ingredientibus
1837 3629 1928 3681 SA
1962 3656 2000 3665 -
2042 3645 2103 3682 12
2136 3629 2384 3693 proxima
2407 3627 2512 3694 iric
2541 3630 2799 3692 proximan

542 3718 743 3781 -xum·)
779 3717 1098 3782 sathan-y·
1131 3745 1169 3755 -
1210 3735 1270 3783 13
1310 3729 1462 3771 ustos
1497 3718 1615 3770 S¹A
1648 3746 1686 3754 -
1727 3735 1791 3782 14
1826 3719 1895 3770 ad
1930 3718 2046 3770 S²A
2079 3745 2116 3754 -
2157 3719 2220 3770 16
2258 3718 2556 3770 inarescere
2587 3718 2712 3769 ΑΖΔ.
2752 3719 2799 3769 Ιιι

540 3800 708 3866 legere
727 3807 766 3859 S
786 3808 968 3860 humu
989 3808 1166 3872 legere
1184 3807 1238 3859 A
1255 3807 1429 3859 humo
1450 3808 1705 3872 (humore
1726 3806 1815 3869 12¹)
1838 3807 2013 3871 legere
2032 3805 2157 3873 hisp
2177 3808 2349 3858 humo
2369 3823 2616 3859 urescere
2637 3806 2719 3871 λγ
2741 3825 2799 3858 ux

336 3932 345 3973 ¹
541 3903 573 3952 9
598 3909 843 3949 urescere
870 3897 1049 3961 legere
1076 3910 1115 3949 a
1149 3923 1187 3932 -·
1227 3909 1290 3960 17
1318 3896 1466 3948 haud
1492 3897 1545 3948 R
1572 3908 1665 3948 aut
1692 3896 1783 3948 SA
1816 3922 1854 3932 -
1895 3896 1958 3948 18
1986 3896 2070 3947 exi
2097 3896 2189 3948 SA
2222 3922 2260 3932 -
2301 3912 2364 3959 19
2393 3897 2437 3948 is
2465 3896 2567 3947 erit
2593 3896 2632 3948 S
2658 3897 2786 3948 serit

543 3977 760 4036 dictabit
778 3986 844 4038 8²
865 3986 1094 4037 dictauit
1112 3985 1175 4038 8ι
1195 3986 1391 4038 ditauit
1409 3986 1513 4037 AR
1546 4012 1585 4021 -
1621 4002 1690 4037 22
1710 3996 1764 4036 et
1783 4002 1880 4036 om.
1904 3984 1996 4037 SA
2029 4012 2066 4021 -
2101 3985 2317 4037 soboles
2335 3983 2572 4050 S⁸jbpyc
2606 4012 2644 4020 -
2680 4001 2744 4048 23
2769 4003 2798 4037 r

541 4064 626 4119 SA
672 4097 709 4107 -
758 4075 1085 4139 explantsda
1133 4074 1195 4126 8ι
1229 4075 1517 4138 explanida
1549 4074 1604 4126 A
1636 4074 1975 4138 explananda
2008 4073 2085 4139 hp
2120 4074 2285 4126 tanda
2319 4087 2398 4137 yn
2431 4101 2469 4110 -
2504 4090 2574 4138 24
2608 4074 2799 4138 ferroqw

545 4153 677 4210 ferre
701 4178 839 4225 quae
865 4163 919 4215 A
953 4190 991 4200 -
1026 4179 1092 4228 25
1119 4174 1308 4227 postea
1335 4203 1347 4215 .
1363 4203 1375 4216 .
1391 4204 1402 4215 .
1430 4164 1633 4215 uellere
1656 4164 1751 4214 hoc
1774 4163 1885 4215 loco
1909 4162 2035 4214 Ιιλσ
2050 4173 2169 4227 post
2193 4163 2497 4215 adleuanda
2521 4173 2600 4214 est
2619 4162 2677 4228 ir
2701 4181 2798 4214 om.

544 4246 778 4303 sobolem
801 4251 947 4318 1·pr
974 4253 1224 4304 sobulem
1253 4267 1292 4315 y
1326 4279 1364 4288 -·
1398 4253 1467 4306 28
1497 4252 1760 4316 perdibus
1789 4252 1829 4304 S
1863 4279 1900 4288 -
1935 4252 2422 4315 circumspicienda
2442 4250 2544 4316 4ἱργ
2571 4252 2778 4303 circum

554 4332 721 4389 ciendi
747 4339 885 4405 hr¹y
912 4341 1119 4393 circum
1150 4342 1486 4406 inspicienda
1514 4340 1686 4405 M'cfl
1719 4368 1757 4378 -
1792 4357 1860 4404 29
1892 4342 2110 4393 innatus
2138 4340 2192 4392 A
2220 4341 2438 4393 inantus
2467 4340 2506 4392 S
2537 4341 2799 4392 internatu

556 4434 618 4481 30
636 4424 956 4483 furunculus
976 4429 1150 4496 Sipya
1170 4431 1430 4483 runculus
1449 4430 1503 4482 A
1520 4430 1772 4482 surculus
1794 4429 1971 4494 Ιιλτῑς
1991 4430 2276 4482 frunculus
2295 4429 2327 4480 f
2352 4456 2391 4466 -
2427 4430 2555 4492 iugo
2574 4445 2617 4492 p
2636 4430 2799 4492 iugun

556 4531 589 4542 -
615 4519 907 4578 superiecta
935 4517 1070 4584 ime
1099 4531 1411 4582 supersecta
1440 4518 1699 4582 sAhbya
1728 4519 2031 4582 superlects
2061 4531 2096 4584 ρ
2126 4529 2445 4582 supersepts
2474 4518 2506 4569 f
2533 4545 2571 4553 -
2608 4535 2667 4581 31
2707 4519 2775 4570 ab

548 4619 581 4630 “
612 4614 675 4662 32
694 4605 925 4661 adflatus
941 4607 981 4660 S
1016 4634 1054 4644 -
1076 4608 1251 4660 dullas
1268 4608 1341 4660 A²
1364 4636 1402 4644 —
1426 4625 1490 4673 33
1512 4609 1828 4671 inreputant
1844 4607 1905 4659 S¹
1923 4608 2175 4672 inrepant
2191 4607 2254 4659 S¹
2275 4633 2312 4643 —
2335 4608 2620 4670 expurgari
2635 4605 2763 4658 1:20
2782 4634 2799 4643 ·

313 4648 320 4697 3
