3109 5559
596 177 673 241 92
1180 177 1238 222 1..
1272 176 1421 221 IVNI
1454 175 1803 222 MODERATI
1835 175 2274 222 COLVMELLAE

597 338 791 400 duoae
818 338 1173 418 procedunt
1203 357 1352 399 cum
1380 357 1499 399 sua
1525 338 1884 410 iuuentute,
1917 356 2082 417 quae
2110 356 2242 398 uno
2270 343 2384 398 aut
2414 338 2618 398 altero
2646 337 2752 398 die
2782 337 2852 398 in

593 444 734 525 ipso
800 444 1101 506 domicilii
1165 445 1487 506 uestibulo
1550 445 1905 523 glomerata
1968 444 2342 516 consistenS,
2409 463 2663 523 egressu
2729 463 2854 506 suo

593 551 886 632 propriae
943 551 1328 613 desiderium
1384 550 1554 613 sedis
1613 550 1916 622 ostendit,
1975 570 2178 630 eaque
2234 557 2574 629 tamquam
2632 551 2854 629 patria

593 664 901 719 contenta
922 664 1041 730 est,
1067 657 1121 719 si
1142 663 1520 738 procurator
1539 657 1834 737 protinus
1857 656 2245 737 adsignetur.
2270 657 2369 718 sin
2393 662 2613 718 autem
2635 656 2849 718 defuit

532 772 572 832 3
593 770 828 836 custoS,
868 765 1047 825 uelut
1087 763 1322 825 iniuria
1358 765 1613 844 repulsa
1650 763 2047 844 peregrinam
2085 763 2404 843 regionem
2441 763 2628 843 petit.
2671 763 2853 842 quod
2869 780 2904 829 5

593 890 672 932 ne
703 870 844 942 fiat,
875 871 1029 932 boni
1058 870 1371 932 curatoris
1399 876 1496 932 est
1528 870 1741 932 uernis
1768 870 2167 950 temporibus
2195 870 2533 931 obseruare
2563 870 2748 931 aluos
2779 868 2849 930 in

591 983 895 1039 octauam
925 977 1054 1038 fere
1084 977 1229 1049 diei,
1261 982 1408 1056 post
1439 996 1638 1056 quam
1666 977 1892 1038 horam
1921 995 2051 1038 non
2081 983 2319 1038 temere
2348 995 2415 1037 se
2443 995 2616 1037 noua
2643 976 2851 1055 prori-

592 1084 780 1164 piunt
831 1083 1107 1163 agmina,
1171 1103 1520 1163 eorumque
1579 1102 1863 1162 egressus
1912 1082 2250 1163 diligenter
2295 1082 2640 1144 custodiat.
2692 1099 2849 1143 nam

592 1190 912 1269 quaedam
973 1191 1200 1261 solent,
1264 1209 1412 1251 cum
1459 1189 1677 1251 subito
1723 1196 2087 1261 euaserunt,
2137 1189 2272 1251 sine
2317 1189 2733 1251 cunctatione
2781 1208 2850 1250 se

533 1305 572 1366 4
591 1297 930 1376 proripere.
986 1296 1222 1376 poterit
1275 1297 1678 1376 exploratam
1730 1295 1951 1376 fugam
2003 1296 2419 1375 praesciscere
2461 1295 2850 1375 uespertinis
2875 1313 2940 1348 10

591 1402 989 1482 temporibus
1037 1421 1259 1464 aurem
1311 1402 1576 1482 singulis
1619 1402 1819 1464 alueis
1863 1402 2292 1464 admonendo.
2340 1401 2659 1482 siquidem
2717 1402 2851 1463 fere

588 1516 743 1571 ante
786 1509 1074 1570 triduum
1117 1528 1314 1589 quam
1343 1509 1749 1589 eruptionem
1791 1509 2078 1570 facturae
2120 1516 2295 1580 sunt,
2327 1509 2509 1570 uelut
2535 1507 2854 1569 militaria

591 1616 773 1695 signa
820 1615 1224 1677 mouentium
1267 1616 1590 1677 tumultus
1635 1634 1712 1677 ac
1756 1633 2047 1677 murmur
2091 1616 2395 1687 exoritur,
2443 1634 2525 1676 ex
2572 1633 2725 1694 qu0,
2773 1621 2850 1676 ut

588 1722 916 1784 uerissime
946 1722 1100 1784 dicit
1131 1722 1464 1801 VergiliuS,

672 1863 904 1925 corda
939 1863 1122 1925 licet
1161 1863 1374 1943 uulgi
1411 1864 1948 1944 praesciscere,
1988 1882 2314 1943 namque
2351 1864 2732 1925 morantis
2873 1881 2937 1929 15

673 1969 998 2032 Martius
1034 1970 1165 2032 ille
1205 1971 1403 2032 aeris
1440 1971 1652 2032 rauci
1689 1990 1922 2032 canor
1956 1970 2294 2042 inuocat,
2334 1977 2408 2032 et
2448 1989 2596 2031 uox

674 2076 991 2138 auditur
1028 2076 1320 2138 fractos
1356 2077 1660 2139 sonitus
1697 2077 2010 2138 imitata
2047 2078 2428 2138 tubarum.

662 2325 760 2374 5-1
769 2325 799 2374 3
833 2276 1047 2362 Pallad.
1083 2326 1134 2375 7,
1159 2275 1214 2375 7,
1231 2323 1294 2373 5,·
1324 2313 1405 2375 cfr
1444 2312 1615 2363 Varro
1637 2318 1769 2362 rust.
1794 2325 1846 2374 3,
1869 2312 1955 2369 16,
1977 2326 2039 2376 9,·
2071 2312 2220 2362 Ptin.
2246 2317 2360 2362 nat.
2387 2325 2473 2369 ιτ,
2496 2323 2595 2374 54,·
2620 2312 2846 2363 Ariston.

591 2401 712 2451 hist.
745 2400 915 2451 anim.
952 2415 1003 2463 9,
1027 2413 1113 2463 40,
1137 2401 1203 2450 62
1207 2412 1242 2462 5
1260 2401 1291 2451 b
1512 2415 1682 2464 15-17
1727 2401 1874 2465 Verg.
1905 2416 2073 2465 georg.
2093 2413 2158 2474 04,
2181 2414 2355 2464 70-72

666 2591 689 2625 1
724 2578 1069 2642 praecedunt
1118 2573 1221 2628 (nb
1435 2581 1752 2628 auuentute
1797 2573 1850 2629 A
2063 2578 2156 2627 die
2202 2578 2263 2627 iu
2302 2574 2354 2628 B
2382 2578 2513 2627 dein
2543 2572 2631 2628 u

588 2681 621 2716 2
652 2668 1219 2732 consistentegressus
1275 2666 1505 2733 (·gressu
1554 2663 1635 2730 8¹)
1668 2662 1754 2717 SA
1968 2681 2000 2729 3
2033 2681 2210 2731 eaque
2239 2661 2327 2718 88
2354 2668 2552 2717 eadem
2581 2661 2633 2714 A

588 2759 885 2819 tamquam
913 2751 1000 2806 BA
1024 2756 1186 2806 uelut
1215 2752 1267 2806 R
1453 2772 1488 2819 4
1518 2758 1871 2821 procuratori
1901 2752 1953 2806 R
1981 2757 2270 2821 procurati
2304 2755 2486 2825 κφιῑ
2516 2769 2552 2804 a
2581 2769 2846 2820 procura·

587 2848 711 2894 tore
739 2853 775 2901 n
992 2858 1023 2906 5
1054 2845 1145 2894 uel
1176 2839 1262 2894 SA
1291 2850 1342 2894 et
1368 2841 1420 2895 B
1468 2845 1672 2910 aliquot
1882 2845 2170 2909 repulsam
2215 2839 2303 2895 u
2344 2850 2393 2894 et
2432 2840 2484 2894 R
2513 2844 2722 2909 aliquot
2750 2845 2845 2895 de-

587 2934 754 2997 pulsa
781 2942 813 2981 8
1029 2934 1064 2982 6
1093 2933 1200 2983 ssat
1230 2929 1341 2983 &A
1540 2935 1701 2983 uerni
1729 2929 1825 2990 8¹1>
2003 2934 2291 2983 obseruari
2320 2928 2407 2983 BA
2584 2934 2733 2983 aluis
2762 2928 2849 2983 BA

588 3023 777 3071 alueos
805 3017 857 3071 R
1049 3035 1080 3084 7
1110 3026 1325 3073 tamere
1353 3018 1440 3073 BA
1618 3023 1948 3086 prorepiunt
1978 3030 2016 3079 ς
2041 3026 2420 3086 prorumpunt
2449 3019 2619 3089 flqnx¹
2649 3036 2846 3086 proru-

588 3115 733 3176 punt
763 3119 818 3160 ω
1034 3110 1066 3158 8
1097 3113 1320 3175 agmine
1361 3106 1472 3161 &A
1500 3112 1625 3163 acio
1655 3113 1809 3161 mine
1836 3106 1896 3160 8¹
2109 3124 2415 3174 eorumque
2444 3125 2701 3175 egressus
2727 3119 2847 3168 830

586 3194 874 3256 x¹vtlr²ow
904 3214 1099 3249 eorum
1121 3214 1375 3264 egressus
1397 3210 1432 3257 y
1453 3214 1632 3264 eoque
1654 3214 1934 3265 regressus
1954 3194 2214 3269 SAqulrl
2236 3213 2541 3263 eorumque
2563 3213 2848 3263 regressus

587 3282 612 3336 f
640 3302 818 3352 eoque
870 3288 1067 3352 (eaque
1095 3288 1157 3352 u)
1210 3290 1302 3339 uel
1348 3303 1656 3353 eorumque
1703 3302 1983 3352 regressus
2035 3288 2305 3352 (egressus
2334 3296 2366 3337 ο
2395 3301 2619 3352 gressus
2646 3284 2702 3350 d)
2736 3285 2847 3339 'th'

588 3391 765 3441 eoque
794 3377 899 3426 uer
917 3391 1110 3427 eorum
1140 3378 1229 3427 uel
1260 3392 1538 3442 regressus
1576 3374 1713 3447 ῠῑᾳι
1741 3391 2046 3441 eorumque
2075 3390 2328 3440 egressus
2357 3390 2534 3440 eoque
2564 3390 2848 3440 regressus

587 3460 796 3516 umbo
826 3480 913 3530 eq:
945 3477 1070 3530 eaq;
1113 3480 1363 3530 regressa
1391 3480 1644 3530 egressus
1672 3465 1731 3514 ¹¹
1766 3466 1840 3529 (u.
1873 3465 2003 3516 Hss.
2037 3471 2094 3531 p.
2121 3467 2207 3529 7⁰)
2397 3470 2520 3516 ante
2542 3465 2848 3530 diligenter

807 3657 872 3692 10
902 3644 1265 3708 praescissere
1288 3639 1340 3692 A
1369 3650 1416 3693 et
1432 3639 1484 3693 R
1500 3643 1702 3707 aliquot
1718 3645 2056 3707 praecissere
2073 3639 2096 3691 i
2111 3643 2415 3706 procissere
2431 3650 2484 3691 w
2499 3644 2847 3708 prosciscere

586 3731 718 3800 quxl
938 3746 997 3780 11
1034 3734 1248 3794 aurem]
1300 3737 1493 3782 autem
1524 3726 1561 3781 b
1588 3736 1691 3782 aut
1720 3730 1852 3801 quxl
2072 3745 2135 3780 12
2168 3732 2440 3781 militaria
2467 3727 2519 3781 R
2549 3733 2709 3782 milia
2738 3728 2850 3782 8¹A

584 3821 675 3888 tie
704 3827 965 3886 superscr.
998 3817 1058 3870 8²
1274 3834 1336 3882 13
1369 3823 1693 3870 mouentius
1723 3816 1855 3871 S¹A¹
1885 3836 1988 3870 om.
2012 3829 2048 3877 n
2226 3835 2296 3870 ex
2318 3821 2454 3884 quo]
2481 3834 2599 3884 quo
2620 3829 2657 3878 p
2683 3837 2788 3871 om.
2813 3829 2848 3890 9

801 3914 866 3959 ut
899 3925 1000 3960 om.
1034 3904 1184 3979 αἰαγ
1336 3923 1399 3972 14
1431 3910 1690 3973 uirgilius
1719 3906 1771 3960 B
1908 3922 1969 3970 15
2001 3909 2367 3973 praescissere
2396 3903 2448 3956 A
2476 3913 2526 3957 et
2553 3904 2609 3959 R.
2638 3911 2848 3974 aliquot

802 4000 1046 4048 moranti
1073 3994 1184 4048 8¹A
1403 4000 1469 4047 16
1499 3999 1733 4050 inuocat
1762 3993 1848 4048 SA
1877 3998 2133 4062 increpat
2162 3993 2214 4047 R
2247 3996 2445 4061 (Verg.)
2479 3998 2745 4063 increpas
2774 4007 2846 4068 φ

589 3555 710 3605 add.
761 3559 828 3604 ut
875 3550 927 3604 R
1119 3555 1446 3619 diligentius
1493 3561 1595 3624 κγ
1822 3568 1857 3614 9
1886 3555 2135 3619 quadam
2181 3554 2315 3623 quxl
2529 3568 2592 3604 se
2622 3570 2728 3605 om.
2780 3551 2847 3604 d
3037 3571 3053 3860 Ι

806 4102 870 4151 17
901 4088 1116 4139 fractas
1142 4084 1210 4138 εὖ
1236 4089 1456 4138 fractus
1483 4083 1565 4137 ⁸¹i
1593 4087 1777 4138 factos
1809 4082 1829 4143 i
1864 4086 2084 4137 fructus
2113 4082 2213 4135 Aw
3031 3905 3052 4136 ι
