3109 5559
429 1230 609 1310 Quae
659 1230 788 1292 fere
839 1230 1396 1303 consummabant,
1451 1228 1640 1292 Publi
1691 1229 1951 1302 Siluine,
2004 1230 2166 1291 ruris
2216 1228 2593 1309 expediendi
2611 1232 2647 1286 1

341 1337 703 1410 scientiam,
743 1356 1035 1418 quaeque
1069 1336 1403 1417 pecuariae
1438 1331 1889 1418 negotiationis
1923 1336 2219 1417 exigebat
2243 1336 2429 1409 ratio,
2455 1354 2595 1415 sep-

342 1451 481 1506 tem
502 1444 1000 1506 memorauimus
1019 1443 1215 1505 libris.
1238 1442 1341 1505 hic
1361 1462 1531 1505 nunc
1552 1442 1877 1523 sequentis
1896 1443 2145 1504 numeri
2164 1443 2429 1505 titulum
2450 1462 2595 1523 pos-

343 1550 603 1623 sidebit,
637 1570 753 1612 nec
786 1550 939 1631 quia
970 1550 1330 1629 proximam
1362 1549 1814 1630 propriamque
1846 1549 2067 1612 rustici
2098 1568 2318 1611 curam
2352 1548 2595 1611 deside-

284 1693 320 1742 5
343 1663 489 1719 rent
516 1676 591 1719 ea
616 1676 781 1738 quae
807 1656 1042 1719 dicturi
1065 1676 1305 1729 sumuS,
1333 1656 1445 1718 sed
1469 1656 1623 1736 quia
1647 1675 1775 1717 non
1801 1655 1927 1717 alio
1949 1655 2090 1718 loco
2114 1675 2311 1736 quam
2335 1655 2402 1716 in
2428 1655 2596 1735 agris

343 1770 462 1826 aut
487 1763 654 1825 uillis
678 1763 953 1825 debeant
979 1762 1429 1825 administrari.
1456 1768 1521 1824 et
1545 1769 1765 1825 tamen
1792 1762 2148 1842 agrestibus
2170 1762 2373 1842 magis
2395 1781 2593 1842 quam

341 1870 608 1932 urbanis
635 1869 904 1950 prosint,
935 1869 1173 1950 quippe
1202 1868 1522 1931 uillaticae
1550 1868 1877 1949 pastiones
1905 1867 2070 1930 sicut
2101 1868 2434 1948 pecuariae
2462 1887 2591 1930 non
2612 1883 2648 1929 2

342 1976 680 2038 minimam
735 1977 962 2038 colono
1015 1976 1250 2055 stipem
1304 1975 1663 2048 conferunt,
1719 1994 1868 2037 cum
1922 1981 1987 2037 et
2044 1975 2264 2036 auium
2319 1981 2593 2037 stercore

342 2082 735 2144 macerrimis
777 2082 982 2144 uineis
1024 2088 1088 2144 et
1132 2081 1308 2143 omni
1348 2083 1602 2144 surculo
1645 2088 1843 2162 atque
1885 2100 2041 2143 aruo
2083 2082 2482 2154 medeantur,
2527 2087 2591 2143 et

246 2208 322 2244 10
343 2188 588 2251 eisdem
617 2188 995 2250 familiarem
1024 2187 1239 2250 focum
1267 2207 1682 2269 mensamque
1711 2186 2003 2267 pretiosis
2032 2188 2307 2268 dapibus
2333 2188 2594 2267 opulen-

343 2301 511 2368 tent,
568 2301 892 2376 postremo
947 2293 1357 2357 uenditorum
1411 2294 1784 2356 animalium
1838 2294 2045 2375 pretio
2086 2294 2274 2356 uillae
2315 2294 2594 2356 reditum

343 2408 645 2482 augeant.
671 2421 868 2483 quare
892 2401 971 2463 de
992 2401 1114 2463 hoc
1136 2420 1392 2482 quoque
1412 2419 1640 2481 genere
1659 2400 1972 2481 pastionis
1993 2401 2335 2463 dicendum
2356 2399 2591 2462 censui.

430 2509 549 2570 Est
573 2514 793 2570 autem
816 2507 884 2570 id
907 2506 1037 2569 fere
1060 2509 1164 2569 uel
1185 2508 1252 2569 in
1276 2507 1429 2569 uilla
1451 2507 1554 2569 uel
1578 2506 1745 2570 circa
1767 2507 2006 2569 uillam.
2032 2508 2099 2569 in
2122 2508 2277 2570 uilla
2297 2514 2395 2569 est
2419 2506 2596 2587 quod
2612 2523 2653 2584 3

341 2615 676 2695 appellant
692 2614 916 2677 Graeci
935 2609 1319 2695 ὀρνειθῶνες
1331 2610 1444 2677 καὶ
1456 2633 1578 2694 περ
1586 2615 1977 2694 ιστερεῶνες,
1994 2621 2192 2695 atque
2210 2613 2428 2686 etiam,
2445 2633 2595 2676 cum

419 2797 503 2846 De
544 2797 925 2848 cohortalibus
968 2797 1187 2861 gallinis
1229 2801 1287 2846 et
1330 2796 1635 2860 gallinariis
1672 2796 2083 2847 constituendis
2113 2798 2254 2847 mbr.
2287 2792 2357 2854 dn
2389 2796 2473 2845 De
2503 2810 2595 2846 co·

338 2886 657 2937 hortalibus
687 2886 910 2950 gallinis
938 2885 1251 2936 nutriendis
1280 2890 1338 2935 et
1369 2885 1671 2950 gallinariis
1699 2886 2110 2936 constituendis
2139 2885 2453 2949 capitulum
2481 2887 2594 2950 pri-

340 2988 502 3025 mum
531 2983 567 3044 9
597 2975 750 3040 Quot
780 2978 914 3025 sunt
955 2988 1157 3039 genera
1197 2974 1528 3038 gallinarum
1569 2968 1594 3023 t
1821 2986 1846 3023 1
1880 2977 2046 3039 quae]
2080 2978 2298 3039 quanto
2317 2974 2417 3023 καὶ

337 3064 756 3115 consumabant
820 3059 873 3114 R,
935 3064 1415 3114 consumabantur
1478 3062 1579 3111 καὶ
1845 3063 2182 3128 expediendi
2249 3062 2444 3129 scripsi
2515 3063 2590 3126 (u.

338 3152 475 3204 Hss.
507 3158 567 3218 p.
605 3153 715 3216 71):
760 3152 1079 3218 experiendi
1108 3147 1260 3222 amp
1290 3152 1657 3216 exercendi(s)
1692 3152 2124 3218 experiendique
2152 3147 2205 3202 R,
2232 3153 2525 3202 exercendi
2554 3149 2596 3201 fi

337 3246 403 3291 et
433 3241 837 3307 exercendique
867 3240 1013 3293 κιὶκι
1238 3254 1268 3290 2
1299 3240 1596 3305 pecunarie
1624 3236 1707 3291 ah·
1734 3241 2097 3305 pecuniariae
2126 3235 2161 3291 8
2190 3241 2515 3305 pecuniarte
2545 3235 2595 3290 A

345 3331 397 3394 (r
426 3331 769 3396 expunctum)
989 3330 1190 3380 exibat·
1213 3324 1324 3382 8¹A
1352 3330 1603 3393 erigebat
1631 3326 1669 3380 ⁸
1866 3343 1898 3392 3
1929 3344 2078 3380 nunc
2107 3331 2396 3395 sequentis
2427 3346 2528 3382 om.
2561 3338 2595 3388 ο

542 3419 867 3484 possidebat
896 3415 983 3469 w!
1189 3435 1223 3483 4
1253 3433 1355 3469 nec
1387 3434 1488 3470 om.
1520 3413 1673 3488 amp
1851 3419 2138 3484 propriam
2166 3419 2594 3486 proximamque

336 3515 479 3578 οκγ
512 3508 638 3572 (exc.
670 3508 725 3572 v)
943 3508 1338 3574 propriamque
1369 3523 1471 3558 om.
1503 3516 1538 3566 n
1749 3521 1780 3569 5
1813 3522 1927 3558 non
1957 3508 2016 3558 in
2046 3508 2159 3558 alio
2190 3493 2356 3579 ψκγ
2390 3508 2514 3572 (exc.
2547 3503 2592 3572 t)

525 3611 557 3660 7
586 3596 800 3661 profuit
829 3594 965 3646 flnx²
1177 3597 1343 3660 sieut]
1377 3597 1508 3646 licet
1539 3604 1606 3648 ω
1784 3597 2139 3661 pecuniariae
2168 3591 2253 3647 SA
2283 3598 2503 3662 pecurie
2532 3593 2597 3655 iu

560 3686 592 3734 8
621 3686 894 3749 stipemus
924 3685 1116 3735 ferunt
1144 3694 1181 3734 v
1394 3690 1639 3735 stercore
1671 3701 1772 3736 om.
1804 3680 1826 3734 l
2038 3700 2074 3746 9
2102 3686 2241 3736 arbo
2270 3681 2380 3737 8¹A

346 3787 417 3824 10
445 3773 634 3824 focum
665 3769 788 3825 A⁸R
819 3775 1002 3824 locum
1031 3769 1139 3825 8A¹
1354 3774 1693 3839 pretiosibus
1722 3770 1775 3824 A
1973 3776 2266 3840 opulentet
2297 3770 2332 3826 8
2361 3776 2594 3840 opulen-

334 3867 475 3913 tant
503 3858 556 3913 Β
740 3876 798 3912 11
832 3864 1082 3913 reditum
1111 3858 1179 3913 αἱ
1207 3863 1493 3913 redditum
1523 3858 1659 3914 m
1695 3863 1767 3926 (u.
1802 3865 1971 3929 praes.
2004 3869 2061 3929 p.
2089 3864 2220 3926 xm)
2396 3878 2458 3913 12
2491 3879 2592 3915 au-

338 3956 479 4017 gent
505 3947 558 4002 R,
771 3966 944 4017 quare
972 3947 1025 4002 R,
1055 3966 1188 4018 -que
1218 3946 1303 4002 SA

421 4053 483 4103 13
513 4045 601 4091 est
632 4057 740 4093 om.
775 4036 860 4092 SA
1090 4044 1285 4091 autem
1315 4056 1418 4093 om.
1452 4041 1550 4090 καὶ
1787 4041 1929 4090 ferre
1958 4037 2011 4091 A
2245 4043 2336 4092 uel
2367 4042 2430 4092 in
2461 4044 2597 4094 uilla

335 4124 527 4181 SA&
556 4130 648 4180 uel
676 4130 734 4179 in
766 4131 960 4180 uillam
988 4124 1041 4179 R,
1218 4131 1309 4180 uel
1339 4131 1486 4180 circa
1518 4131 1710 4180 uillam
1739 4130 1798 4180 in
1828 4131 1968 4180 uilla
1998 4147 2099 4182 om.
2131 4127 2205 4181 A¹
2402 4145 2465 4196 14
2498 4144 2591 4195 ορ·

335 4215 602 4280 νειθωνες
649 4233 749 4269 και
796 4230 1226 4282 περιστερεωνες
1274 4220 1363 4270 uel
1409 4219 1530 4270 sim.
1581 4214 2023 4276 montaneae
2066 4237 2168 4270 om.
2222 4236 2276 4271 u.
2325 4227 2407 4287 sp.
2455 4238 2496 4272 r.
2542 4216 2595 4271 R

556 4311 729 4374 atque
758 4309 936 4358 etiam
967 4322 1097 4357 cum
1126 4308 1296 4358 datur
1327 4324 1428 4359 om.
1461 4316 1549 4365 ω
