3109 5559
391 1074 456 1110 10

387 1606 447 1656 ιε

380 2138 450 2176 20

383 2670 448 2720 25

384 3203 454 3252 30

494 248 615 315 104
743 228 821 294 L.
858 228 1010 294 Iuni
1041 228 1375 294 Moderati
1405 227 1810 295 Columellae

499 405 866 491 quennium
896 427 1080 471 caesa
1110 427 1293 471 more
1324 405 1537 471 salicis
1568 420 1895 473 recreatur
1925 420 2122 493 atque
2154 407 2223 472 in
2254 407 2480 494 palum
2509 407 2793 475 formata
2822 409 2960 476 fere

497 534 707 598 usque
744 511 813 577 in
850 512 1117 577 alteram
1153 512 1520 578 caesionem
1556 526 1893 598 perennat.
1931 535 2009 579 ea
2043 513 2292 600 pullam
2326 528 2569 581 terram
2603 529 2671 580 et
2704 516 2959 582 resolu-

496 632 632 684 tam
656 618 1001 697 desiderat,
1028 619 1416 685 sabulonem
1439 619 1747 685 umidum
1770 619 1878 685 uel
1902 619 2255 686 refractum
2278 619 2496 687 tofum
2519 642 2655 687 non
2680 622 2956 707 respuit,

496 746 703 811 opaco
732 738 799 791 et
826 724 1319 809 septentrionali
1349 725 1522 791 cliuo
1553 726 1847 805 laetatur,
1880 727 2169 811 spissum
2197 727 2414 793 solum
2441 741 2509 794 et
2537 727 2960 795 rubricosum

497 829 898 897 reformidat.
990 852 1031 897 2
1074 832 1311 897 seritur
1368 831 1450 897 ab
1510 832 1884 898 Nouembri
1939 855 2164 899 mense
2222 854 2340 919 per
2395 848 2603 901 totam
2660 834 2957 901 hiemem

494 937 666 1004 sicca
691 953 865 1004 terra
892 951 958 1003 et
988 938 1381 1024 repastinata
1411 939 1479 1004 in
1510 939 1926 1005 altitudinem
1955 940 2285 1026 dupundii
2313 954 2380 1007 et
2407 940 2716 1006 semissis.
2752 963 2958 1007 nuces

497 1044 567 1109 in
621 1044 851 1110 ordine
905 1044 1436 1131 semipedalibus,
1493 1045 1758 1111 ordines
1811 1060 2032 1112 autem
2086 1046 2367 1133 quinum
2420 1047 2671 1133 pedum
2725 1048 2959 1133 spatiis

499 1150 917 1217 dirimuntur.
986 1151 1055 1217 in
1118 1150 1534 1218 altitudinem
1599 1152 1938 1218 dodrantis
2001 1167 2300 1219 castanea
2362 1153 2688 1240 depressis
2753 1154 2958 1220 sulcis

497 1257 953 1336 committitur;
995 1257 1111 1343 qui
1136 1257 1254 1323 ubi
1279 1258 1563 1324 nucibus
1589 1273 1743 1325 sunt
1768 1258 2025 1338 consiti,
2054 1259 2441 1346 priusquam
2466 1260 2951 1345 conplanentur

492 1363 728 1430 breues
774 1363 1175 1430 harundines
1222 1363 1305 1429 ab
1353 1364 1549 1431 latere
1598 1379 2046 1431 castanearum
2093 1380 2491 1452 panguntur,
2541 1380 2616 1433 ut
2661 1389 2783 1453 per
2829 1366 2957 1432 hos

493 1470 762 1535 sationis
793 1470 1043 1536 indices
1072 1471 1280 1537 tutius
1310 1470 1454 1536 fodi
1482 1486 1549 1539 et
1580 1472 1840 1538 runcari
1870 1473 2144 1559 possint.

574 1596 624 1658 3
665 1576 1076 1663 Simulatque
1112 1578 1363 1643 semina
1397 1578 1786 1645 stillauerint
1819 1593 1886 1646 et
1919 1579 2053 1643 iam
2088 1578 2266 1644 bima
2297 1578 2635 1645 transferri
2671 1593 2952 1667 queunt,

495 1682 1002 1749 interuelluntur
1058 1705 1133 1749 ac
1190 1684 1330 1749 bini
1388 1685 1591 1769 pedes
1648 1685 2013 1751 arbusculis
2070 1686 2264 1751 uacui
2320 1686 2807 1772 relinquuntur,
2870 1707 2954 1752 ne

498 1789 782 1855 densitas
813 1790 1066 1876 plantas
1096 1791 1389 1857 emaciet.
1423 1791 1697 1878 spissius
1727 1806 1948 1858 autem
1978 1806 2247 1878 propter
2276 1792 2493 1858 uarios
2522 1814 2710 1858 casus
2743 1792 2952 1879 depo-

496 1896 694 1962 nitur:
747 1918 901 1961 nam
950 1896 1303 1975 interdum,
1355 1898 1742 1984 priusquam
1790 1911 2150 1977 enascatur,
2202 1912 2315 1965 aut
2362 1898 2767 1965 siccitatibus
2817 1921 2955 1965 nux

497 2002 798 2068 inarescit
832 2016 944 2069 aut
977 2024 1297 2089 aquarum
1331 2003 1733 2070 abundantia
1767 2005 2103 2090 putrescit,
2141 2005 2476 2071 interdum
2509 2004 2953 2071 subterraneis

494 2108 904 2188 animalibus,
941 2109 1133 2175 sicuti
1166 2109 1467 2176 muribus
1500 2124 1565 2176 et
1597 2111 1811 2197 talpis,
1849 2110 2212 2191 infestatur,
2250 2125 2519 2198 propter
2553 2134 2721 2198 quae
2755 2133 2950 2198 saepe

494 2215 755 2281 nouella
787 2216 1138 2281 castanieta
1171 2217 1567 2283 caluescunt.
1605 2231 1802 2304 atque
1836 2217 1954 2283 ubi
1987 2217 2467 2304 frequentanda
2500 2232 2675 2297 sunt,
2714 2218 2951 2284 melius

495 2344 575 2387 ex
625 2321 867 2400 uicino,
921 2322 976 2387 si
1027 2323 1338 2409 conpetit,
1393 2324 1600 2410 mergi
1651 2346 1834 2390 more
1885 2324 2132 2410 pertica
2182 2324 2502 2390 declinata
2552 2337 2953 2410 propagatur

495 2449 697 2514 quam
754 2442 1056 2514 exempta
1113 2429 1439 2497 reseritur.
1530 2451 1574 2513 4
1615 2430 1776 2496 haec
1833 2431 2013 2496 enim
2069 2430 2254 2498 uelut
2311 2431 2563 2497 inmota
2618 2452 2738 2496 sua
2794 2431 2950 2497 sede

493 2534 918 2601 uehementer
961 2536 1302 2621 germinat3
1349 2550 1416 2603 at
1460 2559 1627 2623 quae
1674 2537 1985 2603 radicitus
2028 2551 2331 2624 exempta
2374 2551 2441 2604 et
2485 2537 2786 2624 deposita
2828 2550 2947 2615 est,

497 2640 764 2706 biennio
830 2641 1233 2721 reformidat;
1302 2657 1571 2729 propter
1638 2644 1820 2730 quod
1887 2658 2302 2730 compertum
2367 2657 2467 2710 est
2531 2644 2948 2710 commodius

494 2748 777 2814 nucibus
809 2770 1009 2835 quam
1039 2749 1512 2815 uiuiradicibus
1542 2750 1868 2815 eiusmodi
1900 2750 2097 2816 siluas
2129 2750 2402 2817 institui.
2438 2750 2647 2837 spatia
2677 2749 2949 2815 huiusce

495 2854 782 2933 sationis,
852 2876 1019 2941 quae
1084 2856 1525 2942 suprascripta
1589 2870 1764 2936 sunt,
1832 2856 2046 2944 capita
2109 2871 2558 2924 castanearum
2624 2856 2948 2942 recipiunt

496 2983 772 3027 numero
820 2979 1315 3041 MMDCCCLm;
1367 2963 1554 3028 cuius
1604 2985 1921 3042 summae,
1973 2963 2143 3030 sicut
2191 2963 2279 3029 ait
2323 2963 2604 3042 Atticus,
2655 2984 2736 3028 ex
2776 2961 2950 3028 facili

495 3067 718 3153 iugera
783 3068 1038 3154 singula
1106 3068 1516 3155 praebebunt
1582 3069 2016 3136 statuminum
2076 3069 2384 3135 duodena
2441 3069 2639 3135 milia.
2702 3068 2949 3135 etenim

497 3173 698 3240 taleae
747 3175 1020 3261 propius
1067 3175 1339 3260 stirpem
1386 3176 1628 3242 recisae
1677 3175 2078 3262 quadrifidas
2125 3177 2537 3263 plerumque,
2587 3197 2663 3241 ac
2710 3175 2947 3241 deinde

493 3280 819 3351 secundae
848 3281 1049 3347 taleae
1078 3281 1375 3347 eiusdem
1404 3281 1655 3349 arboris
1683 3281 1920 3347 bifidas
1948 3283 2184 3348 ridicas
2211 3281 2734 3361 subministrant,
2767 3280 2947 3368 quod

495 3510 553 3561 in
573 3509 664 3562 SA
682 3527 749 3561 ex
767 3510 818 3561 R
851 3536 890 3546 -
925 3527 1034 3562 nox
1052 3510 1144 3562 SA
1177 3537 1215 3546 -
1248 3527 1284 3574 4
1303 3511 1476 3563 salicti
1495 3512 1549 3563 R
1582 3538 1620 3548 -
1654 3523 1819 3576 atque
1836 3512 1890 3563 R
1907 3528 2089 3576 neque
2108 3511 2199 3564 SA
2232 3537 2271 3547 -
2306 3527 2335 3577 5
2361 3527 2577 3576 usuque
2596 3511 2636 3563 S
2670 3536 2708 3547 -
2742 3510 2942 3563 cessio-

495 3614 624 3651 nem
655 3598 717 3650 S⁸
751 3625 790 3635 -
825 3616 914 3650 rea
944 3599 983 3651 S
1017 3626 1055 3635 -
1090 3600 1305 3663 pulsam
1335 3600 1426 3652 SA
1459 3626 1498 3636 ·-
1532 3614 1566 3664 7
1598 3601 1723 3652 ciuo
1753 3601 1816 3653 8ι
1846 3601 1973 3653 cibo
2002 3602 2055 3653 A
2088 3628 2126 3637 -
2160 3601 2341 3653 solum
2371 3612 2425 3652 et
2457 3600 2810 3653 rubricosum
2839 3616 2936 3651 om.

493 3687 585 3739 SA
618 3714 657 3724 -
691 3688 1036 3741 rubricosum
1076 3706 1174 3741 om.
1218 3687 1420 3742 mm·
1452 3715 1490 3724 -
1526 3705 1560 3752 9
1602 3689 1855 3753 dipundii
1895 3688 2043 3754 Ajzr
2084 3690 2354 3754 dupondii
2395 3703 2434 3742 a
2467 3715 2506 3725 -
2538 3689 2778 3741 temissis
2820 3689 2873 3741 A
2907 3713 2944 3723 -

495 3793 662 3829 nuces
692 3777 819 3829 Alei.
856 3794 1058 3829 nucem
1090 3778 1233 3829 SAR
1266 3805 1304 3814 -
1345 3794 1409 3829 1ο
1442 3779 1636 3831 ordine
1669 3778 1709 3830 S
1742 3779 1995 3830 ordinem
2027 3779 2130 3830 AR
2164 3804 2203 3814 -
2243 3796 2298 3831 11
2340 3778 2634 3831 dodrantes
2669 3777 2764 3830 SA
2800 3804 2840 3814 -
2881 3792 2937 3839 13

495 3866 683 3917 lattere
714 3866 767 3917 A
801 3892 838 3901 -
880 3883 943 3930 14
975 3868 1142 3919 totius
1173 3868 1226 3919 A
1259 3893 1298 3903 -
1332 3867 1504 3930 possit
1536 3867 1628 3919 SA
1661 3894 1699 3903 -
1741 3883 1800 3931 15
1836 3879 2047 3932 queunt
2078 3868 2132 3919 R
2162 3884 2302 3931 quae
2335 3878 2396 3919 ut
2427 3867 2520 3920 SA
2551 3893 2591 3903 —
2632 3867 2695 3918 16
2728 3866 2850 3919 bini
2882 3864 2942 3919 S¹

493 3954 610 4006 uini
630 3954 869 4006 S¹Ah20
888 3956 966 4006 im
978 3954 1002 4020 j
1039 3982 1077 3991 -
1112 3956 1454 4020 relinguntur
1474 3956 1536 4008 8ι
1572 3983 1610 3992 -
1651 3970 1713 4020 17
1735 3957 1989 4009 semaciet
2010 3955 2190 4009 S¹Ah²
2226 3983 2265 3993 -
2298 3956 2526 4020 spissius
2539 3954 2750 4021 jffiyc.
2771 3956 2941 4020 ipsius

493 4042 702 4096 SAhzr
735 4070 773 4079 -
815 4044 877 4095 18
906 4062 1015 4096 nox
1042 4045 1117 4096 A¹
1152 4072 1190 4081 -
1231 4061 1294 4108 19
1324 4046 1613 4097 inharescit
1641 4045 1732 4097 SA
1765 4072 1803 4082 -
1839 4061 1909 4098 2ο
1935 4046 2096 4097 sicuti
2124 4045 2376 4098 muribus
2404 4062 2502 4097 om.
2533 4045 2625 4097 SA
2659 4071 2698 4081 -
2734 4061 2796 4099 21
2835 4045 2941 4097 fre-

495 4134 824 4197 quendanda
849 4134 902 4185 A
936 4160 974 4169 -
1010 4150 1077 4187 22
1105 4134 1183 4185 sic
1208 4134 1311 4185 AR
1345 4159 1384 4169 -
1418 4135 1587 4186 merci
1613 4134 1728 4186 S²A
1760 4161 1799 4171 -
1834 4151 1899 4198 23
1929 4135 2027 4187 sed
2053 4135 2093 4187 S
2126 4161 2164 4170 -
2201 4151 2270 4198 24
2296 4134 2561 4187 uehenter
2584 4133 2637 4185 A
2671 4160 2710 4170 -
2748 4133 2941 4186 radici-

492 4223 597 4274 bus
642 4221 853 4287 8Α11λρ
898 4249 936 4258 -
985 4224 1052 4275 26
1099 4222 1270 4286 patria
1315 4223 1368 4274 A
1414 4249 1453 4259 ·-
1502 4224 1570 4276 28
1616 4240 1847 4275 numero
1891 4238 2283 4276 MMDccctxxx
2327 4240 2425 4275 om.
2474 4241 2525 4275 u.
2574 4233 2650 4287 sp.
2703 4240 2746 4275 r.
2785 4220 2876 4287 itu
2907 4247 2941 4257 -

492 4328 721 4363 numero
769 4328 866 4362 om.
916 4311 967 4362 R
1015 4338 1053 4347 -
1087 4327 1188 4364 ΜΜ
1222 4328 1319 4363 om.
1357 4329 1407 4363 u.
1444 4322 1519 4376 sp.
1557 4330 1599 4363 r.
1635 4313 1688 4364 A
1720 4338 1759 4348 ·-
1795 4327 1939 4365 Dccc
1963 4313 2167 4377 (Dcccc
2186 4312 2553 4378 p)RaocSA
2586 4338 2624 4348 -
2659 4311 2734 4363 ait
2757 4309 2939 4364 om.S¹

493 4427 529 4436 ·-
554 4417 622 4464 29
648 4400 1009 4452 statuminum
1033 4398 1200 4464 SiMy
1224 4412 1428 4452 statum
1453 4402 1511 4452 in
1537 4418 1714 4453 unum
1737 4402 1790 4453 A
1813 4412 1957 4454 statu
1986 4402 2043 4454 in
2068 4401 2244 4453 imum
2268 4414 2339 4466 ρς
2364 4412 2569 4453 statum
2595 4401 2767 4465 (statu
2795 4401 2856 4464 ο)
2884 4400 2938 4451 in

492 4488 649 4541 inum
675 4488 759 4542 hu
792 4515 830 4524 -
864 4489 1013 4540 milla
1039 4489 1130 4541 SA
1163 4515 1202 4525 -
1238 4505 1307 4552 30
1329 4499 1447 4552 post
1472 4490 1641 4542 taleae
1668 4490 1789 4541 add.
1819 4507 1882 4542 ac
1906 4490 1960 4541 R
1992 4516 2031 4526 -
2065 4490 2292 4554 propius
2317 4488 2418 4555 191
2442 4490 2698 4555 proprius
2728 4490 2875 4542 SAR
2908 4513 2943 4524 -

493 4579 856 4642 quadripedas
877 4576 1069 4644 SAb¹p
1091 4578 1439 4642 quadrifedas
1461 4595 1500 4643 y
1520 4605 1560 4615 -
1583 4595 1643 4642 31
1672 4580 1879 4632 arboris
1900 4580 2095 4632 bifidas
2113 4581 2167 4632 R
2186 4579 2366 4631 arbori
2386 4579 2472 4632 sui
2493 4579 2690 4631 fluuius
2709 4579 2799 4632 SA
2817 4604 2856 4615 -
2876 4593 2940 4642 32
