3109 5559
21 1146 30 1354 *

45 3611 57 3644 ⁸

1471 79 1591 145 Rei
1621 79 1900 145 rusticae
1929 78 2043 145 lib.
2079 78 2175 144 IV
2204 100 2261 146 c.
2301 80 2506 165 16—17
2633 98 2718 167 79

243 271 370 336 est,
403 255 540 323 fere
571 256 1012 343 quinquennii
1040 255 1311 343 praebet
1339 278 1559 322 usum.
1593 278 1809 342 neque
1839 256 2019 322 enim
2048 256 2172 322 alia
2199 270 2300 323 est
2329 256 2493 323 ratio
2523 270 2717 344 puta-

242 363 452 430 tionis
477 377 593 430 aut
617 377 869 430 ceterae
898 363 1189 429 culturae
1219 385 1421 449 quam
1449 385 1619 450 quae
1647 363 1846 449 primi
1874 362 2145 442 biennii;
2177 385 2333 429 nam
2359 377 2428 430 et
2454 377 2718 430 autum-

126 501 196 538 10
244 470 418 537 nalis
451 469 863 556 ablaqueatio
899 470 1130 536 sedulo
1165 468 1483 548 facienda,
1522 490 1645 535 nec
1680 470 1904 535 minus
1937 469 2328 536 uacantibus
2362 469 2528 556 palis
2562 491 2717 556 pro-

248 576 528 664 pagines
555 576 1002 663 adplicandae.
1034 576 1161 642 hoc
1188 575 1369 642 enim
1396 598 1568 663 opus
1596 597 1965 662 numquam
1993 575 2568 643 intermittendum
2595 589 2714 656 est,

248 683 421 770 quin
450 683 765 749 omnibus
795 683 1195 749 instauretur
1224 682 1433 749 annis.

330 810 380 872 3
424 791 665 876 Neque
687 789 867 856 enim
889 811 984 868 ea,
1011 811 1179 876 quae
1202 803 1512 856 seruntur
1533 812 1572 856 a
1595 789 1808 868 nobis,
1834 789 2229 856 immortalia
2251 811 2392 856 esse
2415 803 2716 876 possunt;

242 919 328 963 ac
356 911 581 962 tamen
609 896 976 963 aeternitati
1005 918 1236 962 eorum
1265 896 1362 962 sic
1390 896 1819 975 consulimus,
1852 909 1929 962 ut
1958 896 2322 963 demortuis
2351 895 2719 963 seminibus

132 1035 154 1071 1
164 1033 194 1083 ς
247 1003 380 1070 alia
431 1002 912 1069 substituamus
964 1024 1086 1070 nec
1137 1003 1222 1069 ad
1273 1003 1688 1070 occidionem
1740 1003 2128 1069 uniuersum
2179 1025 2389 1090 genus
2441 1003 2716 1090 perduci

244 1109 584 1197 patiamur
633 1109 1079 1196 complurium
1128 1131 1454 1176 annorum
1504 1109 1932 1196 neglegentia.
1989 1110 2151 1196 quin
2202 1110 2402 1177 etiam
2450 1109 2720 1177 crebrae

242 1216 578 1283 fossiones
608 1216 883 1295 dandae,
918 1216 1225 1303 quamuis
1255 1216 1464 1303 possit
1493 1238 1627 1282 una
1659 1216 1914 1283 detrahi
1945 1216 2239 1283 culturae
2270 1216 2507 1303 prioris
2539 1216 2715 1283 anni.

243 1322 782 1410 pampinationes
836 1344 1105 1409 quoque
1160 1344 1352 1409 saepe
1408 1322 1842 1389 adhibendae:
1902 1345 2119 1409 neque
2172 1323 2353 1389 enim
2407 1323 2566 1389 satis
2618 1336 2721 1389 est

244 1429 458 1496 semel
491 1443 606 1495 aut
635 1429 875 1496 iterum
907 1442 1044 1495 tota
1076 1441 1317 1495 aestate
1348 1428 1471 1495 uiti
1504 1429 1845 1496 detrahere
1875 1428 2185 1496 frondem
2216 1451 2715 1516 superuacuam.

131 1566 200 1603 20
336 1557 382 1618 4
420 1535 776 1622 Praecipue
837 1550 1060 1602 autem
1111 1535 1505 1602 decutienda
1554 1549 1712 1602 sunt
1761 1536 2003 1614 omnia,
2061 1558 2229 1622 quae
2280 1535 2451 1602 infra
2501 1536 2720 1603 trunci

247 1655 457 1728 caput
478 1641 1073 1728 egerminauerunt;
1098 1642 1259 1708 item
1282 1642 1337 1708 si
1360 1641 1536 1708 oculi
1559 1642 1801 1729 singuli
1823 1642 1950 1708 sub
1973 1643 2128 1728 iugo
2152 1641 2347 1708 binos
2368 1642 2720 1729 pampinos

247 1748 637 1828 emiserunt,
693 1748 999 1835 quamuis
1049 1749 1304 1835 largum
1352 1747 1648 1815 fructum
1698 1749 2068 1828 ostendant,
2124 1749 2510 1815 detrahendi
2562 1764 2721 1816 sunt

248 1855 498 1942 singuli
540 1855 863 1942 palmites,
908 1877 1044 1942 quo
1086 1855 1331 1935 laetior,
1377 1876 1547 1941 quae
1589 1869 1889 1942 superest
1928 1855 2217 1935 materia,
2263 1869 2614 1942 consurgat
2654 1870 2721 1922 et

249 1963 591 2049 reliquum
628 1962 864 2028 melius
901 1961 1140 2028 educet
1175 1960 1490 2041 fructum;
1531 1975 1684 2048 post
1721 1961 2298 2049 quadragesimum
2335 1975 2403 2028 et
2440 1961 2720 2028 alterum

137 2098 201 2147 ις
247 2090 556 2135 mensem
581 2081 888 2155 percepta
912 2068 1250 2134 uindemia
1274 2068 1368 2134 sic
1393 2068 1798 2134 instituenda
1821 2082 1921 2134 est
1945 2069 2220 2155 putatio,
2250 2082 2327 2135 ut
2350 2069 2721 2134 summissis

250 2174 563 2262 pluribus
602 2175 872 2262 flagellis
912 2175 1068 2242 uitis
1108 2174 1179 2241 in
1218 2175 1474 2241 stellam
1515 2174 1871 2241 diuidatur.
1958 2193 2005 2257 5
2047 2175 2165 2241 sed
2206 2175 2529 2262 putatoris
2568 2174 2719 2241 offi-

252 2283 436 2349 cium
475 2295 577 2348 est
607 2281 825 2368 pedali
846 2280 982 2348 fere
1006 2281 1218 2368 spatio
1241 2281 1402 2348 citra
1425 2281 1657 2368 iugum
1679 2281 1887 2347 uitem
1911 2302 2323 2368 conpescere,
2350 2294 2427 2347 ut
2447 2304 2485 2347 e
2508 2282 2720 2369 capite

253 2387 582 2475 quicquid
631 2388 838 2454 teneri
879 2402 979 2454 est
1018 2411 1136 2475 per
1176 2388 1442 2454 brachia
1480 2388 1799 2454 emissum
1839 2402 2236 2475 prouocetur
2258 2401 2327 2454 et
2348 2410 2465 2476 per
2489 2389 2720 2475 iugum

253 2494 578 2562 inflexum
614 2495 1077 2581 praecipitetur
1113 2495 1198 2561 ad
1234 2517 1381 2561 eam
1416 2517 1815 2574 mensuram,
1857 2517 2025 2581 quae
2060 2509 2304 2561 terram
2340 2517 2475 2561 non
2513 2495 2721 2582 possit

150 2631 215 2679 30
256 2602 661 2688 contingere.

338 2707 478 2774 Sed
519 2708 761 2774 modus
804 2730 926 2795 pro
970 2708 1226 2774 uiribus
1255 2708 1471 2774 trunci
1501 2708 1869 2775 seruandus
1899 2722 2018 2788 est,
2053 2731 2136 2775 ne
2167 2708 2390 2795 plures
2420 2707 2722 2794 palmites

255 2813 777 2894 summittantur,
814 2836 1017 2901 quam
1049 2815 1295 2902 quibus
1327 2815 1483 2881 uitis
1515 2813 1818 2881 sufficere
1853 2829 2067 2901 queat.
2105 2814 2243 2882 fere
2276 2829 2498 2880 autem
2530 2836 2718 2901 prae-

257 2922 436 2988 dicta
470 2935 647 2988 aetas
681 2921 850 2987 laeto
886 2921 1027 2988 solo
1061 2936 1430 3008 truncoque
1464 2935 1599 2988 tres
1633 2921 1955 3000 materias,
1995 2943 2140 2988 raro
2177 2935 2507 3008 quattuor,
2548 2921 2719 2987 desi-

258 3028 464 3108 derat,
500 3049 670 3114 quae
701 3049 819 3114 per
849 3028 1128 3094 totidem
1158 3028 1363 3114 partis
1391 3028 1475 3094 ab
1507 3027 1838 3114 alligatore
1871 3027 2083 3093 diuidi
2114 3027 2378 3094 debent.
2472 3031 2516 3091 6
2555 3027 2720 3093 nihil

261 3275 365 3327 alia
392 3287 475 3328 est
501 3293 602 3327 om.
634 3275 727 3329 SA
760 3302 798 3312 -
839 3292 903 3328 xo
931 3275 1258 3341 propagines
1286 3289 1371 3341 γρ
1398 3275 1714 3340 propaginis
1741 3274 1884 3327 SAR
1917 3300 1956 3310 -
1996 3290 2058 3327 12
2088 3275 2185 3339 qui
2212 3274 2531 3327 nominibus
2557 3274 2649 3327 SA
2684 3301 2723 3311 -

261 3363 595 3417 instauretur
602 3361 739 3429 jb¹o
753 3364 1085 3417 insaturetur
1101 3362 1372 3417 SAhmb¹
1392 3364 1723 3416 insaturatur
1739 3363 1794 3415 r¹
1828 3390 1867 3400 -
1908 3379 1968 3428 13
1989 3375 2177 3416 serunt
2194 3363 2287 3416 SA
2319 3390 2358 3400 -
2398 3380 2463 3427 14
2479 3374 2720 3416 attamen

254 3450 360 3518 ibe
394 3480 432 3490 —
466 3454 784 3505 aeternitate
821 3453 914 3507 SA
945 3480 984 3490 -
1025 3470 1085 3518 15
1126 3453 1463 3506 substiamus
1500 3453 1554 3505 A
1588 3479 1627 3489 -
1661 3453 1953 3505 uniuersus
1990 3452 2067 3504 A¹
2102 3479 2140 3489 -
2180 3453 2242 3505 16
2280 3453 2523 3518 patimur
2557 3452 2649 3505 SA
2683 3480 2721 3490 -

261 3543 638 3608 cumplurium
680 3542 734 3594 A
780 3569 818 3579 -
859 3556 922 3607 17
961 3542 1246 3608 possiones
1275 3542 1329 3594 A
1361 3569 1399 3579 -
1434 3559 1580 3594 anno
1609 3541 1702 3595 SA
1735 3569 1773 3579 -
1813 3542 1876 3595 18
1907 3542 2210 3595 adibendae
2240 3541 2304 3594 8ι
2333 3542 2638 3596 adiuendae
2667 3542 2721 3594 A

264 3631 605 3686 adiuuandae
628 3629 757 3698 jb²p
779 3658 818 3668 -
845 3648 908 3696 19
931 3648 1261 3697 peruacuam
1284 3631 1377 3684 SA
1396 3658 1434 3668 -
1456 3648 1518 3684 21
1547 3631 1654 3684 sub
1676 3630 1768 3683 SR
1788 3631 1836 3683 si
1856 3631 1910 3683 A
1930 3658 1968 3668 -
1990 3647 2057 3684 22
2082 3631 2379 3683 erniserunt
2403 3632 2443 3684 S
2466 3632 2720 3685 semisse-

265 3732 394 3773 runt
412 3721 466 3773 A
486 3721 796 3773 suniserint
817 3719 850 3773 f
863 3721 1199 3774 seruisset-int
1221 3719 1369 3785 my·
1390 3721 1669 3772 enfiserint
1685 3718 1827 3786 jbpe
1849 3720 2155 3772 emisserint
2178 3719 2316 3772 h¹m
2337 3746 2376 3756 -
2398 3719 2609 3772 fructus
2629 3720 2721 3772 SA

264 3835 302 3845 -
321 3825 387 3873 23
410 3821 743 3874 consurgant
764 3810 856 3863 SA
888 3837 927 3847 -
963 3827 1033 3874 24
1056 3810 1268 3875 reliquo
1289 3809 1381 3861 SA
1412 3835 1452 3846 -
1485 3809 1651 3861 ducet
1671 3809 1725 3861 A
1758 3836 1796 3845 -
1831 3809 2300 3873 quadrigesimum
2322 3809 2362 3861 S
2384 3809 2718 3874 quadrages-

265 3898 466 3951 simum
502 3898 556 3950 A
591 3899 1110 3963 quadragensimum
1145 3898 1219 3951 ht
1246 3925 1284 3935 -
1320 3914 1384 3963 25
1424 3898 1666 3964 perfecta
1699 3897 1753 3949 R
1785 3924 1824 3934 -
1859 3898 1928 3951 26
1965 3899 2025 3950 in
2059 3915 2158 3950 om.
2197 3898 2290 3950 SA
2322 3924 2361 3935 -
2397 3911 2466 3962 27
2502 3899 2638 3950 eitra
2675 3913 2718 3962 p

268 3998 451 4039 contra
474 3986 745 4054 SAthpc
768 3987 910 4040 eirca
931 3986 1037 4052 lya
1069 4014 1108 4024 -
1136 3997 1257 4052 post
1279 3988 1456 4052 capite
1480 3986 1604 4040 add.
1630 3987 1804 4039 uitem
1830 3987 2021 4051 iugum
2046 3987 2261 4052 (iugum
2286 3988 2461 4039 uitem
2482 3987 2556 4051 A)
2583 4004 2720 4039 con-

268 4091 485 4139 pescere
521 4088 585 4129 ut
622 4095 652 4128 e
688 4077 865 4141 eapite
900 4078 1085 4129 iterum
1120 4076 1213 4130 SA
1246 4077 1404 4129 uerba
1440 4088 1502 4129 ut
1538 4093 1570 4128 e
1716 4092 2043 4141 conpescere
2080 4076 2179 4128 del.
2218 4076 2281 4129 S'
2316 4103 2354 4113 -
2389 4076 2458 4130 28
2494 4076 2719 4128 brachia

272 4164 446 4225 (-cch-
469 4164 519 4230 J)
553 4166 818 4218 emissum
847 4164 970 4231 h'ic
1000 4166 1450 4219 brashiemissum
1480 4165 1573 4218 SA
1602 4165 1824 4218 brachia
1854 4165 2119 4217 emissum
2149 4166 2274 4218 bras
2307 4165 2448 4229 (brai
2474 4177 2509 4230 ρ
2533 4182 2631 4216 om.
2659 4167 2719 4230 ο)

271 4251 590 4306 hiemissum
630 4253 911 4320 h¹mtpyn
951 4255 1171 4308 brachia
1212 4254 1476 4307 emissum
1518 4272 1571 4307 u.
1601 4264 1678 4319 sp.
1719 4252 1786 4307 b¹
1814 4254 2036 4306 brachia
2063 4254 2327 4307 emissum
2355 4254 2551 4306 hiemis
2582 4251 2649 4306 b·
2683 4280 2723 4290 -

274 4356 341 4405 29
365 4342 631 4395 seramS¹
656 4360 863 4396 serram
888 4343 1004 4396 S¹A
1036 4371 1074 4381 -
1108 4343 1321 4409 possint
1348 4343 1440 4396 SA
1472 4369 1511 4380 -
1547 4359 1609 4407 31
1642 4343 1855 4409 palmae
1881 4343 2093 4409 SAth
2127 4369 2166 4380 -
2203 4359 2268 4407 32
2297 4344 2657 4395 aumittantur
2682 4343 2722 4395 S

272 4455 310 4465 -
343 4447 407 4495 33
442 4432 546 4484 rari
574 4432 666 4485 SA
699 4458 739 4469 -
775 4448 845 4496 34
874 4432 989 4485 diui
1019 4432 1083 4486 8ι
1116 4460 1154 4470 -
1189 4431 1441 4498 debenti
1472 4432 1638 4484 debet
1668 4443 1723 4484 et
1752 4430 1874 4484 SA!
1896 4432 2100 4485 debent
2130 4443 2185 4483 et
2213 4430 2452 4498 thyqn
2484 4458 2523 4468 -
2561 4447 2625 4496 35
2659 4431 2720 4484 in
