3109 5559
784 1119 1148 1185 Hortorum
1196 1140 1466 1202 quoque
1512 1129 1578 1183 te
1625 1119 1860 1198 cultuS,
1909 1118 2180 1197 Siluine,
2228 1118 2490 1180 docebo

700 1222 925 1302 Atque
971 1242 1068 1300 ea,
1115 1242 1284 1303 quae
1331 1222 1670 1302 quondam
1718 1221 1942 1302 spatiis
1988 1221 2298 1282 exclusus
2344 1220 2599 1300 iniquis,

699 1322 867 1385 Cum
915 1331 1179 1385 caneret
1223 1325 1427 1386 laetas
1471 1331 1734 1404 segetes
1780 1332 1845 1384 et
1891 1341 2162 1384 munera
2208 1320 2448 1384 Bacchi

699 1425 784 1486 Et
826 1433 913 1503 te,
962 1445 1200 1505 magna
1245 1426 1452 1503 Pales,
1501 1445 1622 1487 nec
1670 1445 1799 1486 non
1848 1423 2156 1487 caelestia
2204 1423 2420 1501 mella,

698 1524 1027 1606 Vergilius
1074 1526 1263 1588 nobis
1309 1534 1462 1608 post
1506 1546 1578 1587 se
1626 1526 2056 1588 memoranda
2103 1525 2382 1606 reliquit.

787 1661 1112 1743 Principio
1158 1662 1386 1723 sedem
1436 1681 1792 1724 numeroso
1840 1660 2155 1742 praebeat
2201 1660 2397 1723 horto

702 1763 964 1842 Pinguis
1009 1783 1168 1843 ager
1214 1763 1420 1845 putris
1465 1762 1703 1844 glebae
1750 1762 2171 1843 resolutaque
2215 1771 2403 1843 terga

703 1862 832 1943 Qui
879 1865 1048 1945 gerit
1093 1873 1157 1925 et
1203 1864 1419 1927 fossus
1464 1864 1725 1944 gracilis
1773 1865 2059 1927 imitatur
2103 1864 2398 1926 harenas,

702 1965 929 2046 Atque
975 1964 1207 2027 habilis
1254 1974 1481 2027 natura
1526 1966 1670 2044 soli,
1718 1986 1886 2047 quae
1931 1967 2227 2047 gramine
2274 1965 2448 2027 laeto

702 2066 981 2128 Parturit
1027 2074 1092 2127 et
1137 2065 1359 2129 rutilas
1405 2066 1579 2128 ebuli
1627 2075 1805 2129 creat
1852 2067 2047 2129 uuida
2092 2066 2312 2131 bacaS.

702 2168 875 2229 Nam
924 2187 1137 2249 neque
1183 2169 1356 2229 sicca
1402 2168 1640 2249 placet,
1687 2187 1808 2230 nec
1855 2188 2025 2249 quae
2070 2176 2370 2248 stagnata
2417 2166 2659 2247 palude

704 2269 1073 2350 Perpetitur
1120 2268 1432 2350 querulae
1477 2290 1743 2351 semper
1788 2270 2087 2332 conuicia
2133 2289 2347 2334 ranae.

703 2370 875 2432 Tum
925 2391 1094 2451 quae
1141 2379 1378 2451 sponte
1421 2391 1540 2433 sua
1587 2371 1935 2434 frondosas
1981 2372 2219 2433 educat
2266 2370 2481 2433 ulmos

706 2471 1220 2552 Palmitibusque
1267 2471 1416 2534 feris
1463 2473 1741 2535 laetatur
1786 2482 1851 2535 et
1896 2493 2131 2554 aspera
2175 2472 2353 2534 siluis

707 2572 1035 2635 Achradis
1080 2582 1191 2636 aut
1236 2574 1425 2655 pruni
1473 2574 1789 2655 lapidosis
1835 2574 2072 2637 obruta
2117 2575 2332 2655 pomis

707 2673 973 2738 Gaudet
1018 2683 1084 2737 et
1128 2675 1349 2736 iniussi
1395 2676 1835 2739 consternitur
1880 2675 2082 2738 ubere
2129 2674 2301 2754 mali,

710 2775 845 2838 Sed
895 2785 1092 2862 negat
1139 2755 1471 2838 elleboros
1517 2784 1584 2838 et
1627 2778 1826 2840 noxia
1872 2776 2145 2840 carbasa
2189 2796 2352 2838 suco

709 2878 851 2939 Nec
898 2865 1140 2958 patitur
1183 2885 1378 2940 taxos
1426 2898 1545 2939 nec
1587 2886 1852 2941 strenua
1895 2879 2118 2941 toxica
2162 2878 2372 2953 sudat,

923 3082 938 3115 ι
982 3075 1207 3114 ortorum
1244 3080 1351 3136 ομιι
1555 3068 1620 3114 de
1658 3069 1727 3124 (te
1755 3072 1937 3130 postea
1973 3075 2239 3131 suprascr.
2275 3072 2567 3130 suppuncto
2603 3067 2683 3114 del
2721 3068 2759 3114 A

714 3237 743 3268 2
781 3235 910 3281 quae
945 3234 1045 3267 om.
1084 3232 1152 3277 eq
1310 3219 1521 3266 condam
1561 3232 1595 3266 a
1631 3220 1814 3279 qudam
1851 3232 1882 3267 e
1919 3177 2132 3280 cqndaom
2172 3223 2215 3274 (c
2251 3218 2364 3272 del.)
2399 3219 2431 3266 d
2605 3219 2826 3266 exclusis
2859 3218 2924 3276 «lq

915 3305 1061 3352 bachi
1097 3304 1166 3362 dp
1370 3318 1400 3363 5
1438 3305 1663 3363 uirgilius
1700 3306 1745 3352 R
1946 3308 1980 3352 6
2015 3311 2130 3351 orto
2166 3316 2268 3364 aeq
2475 3318 2502 3363 7
2541 3311 2718 3365 putres
2754 3303 2924 3364 glebas

713 3390 935 3448 abmspk
989 3389 1149 3450 putris
1200 3389 1379 3448 glebas
1432 3389 1534 3448 edq
1747 3397 1885 3437 terra
1938 3391 2052 3458 SAp.
2254 3391 2287 3436 8
2333 3390 2451 3436 terit
2503 3390 2612 3458 Λμῑ,
2647 3393 2924 3452 (suprascr.

715 3475 865 3535 gerit)
902 3475 935 3520 d
1132 3473 1356 3520 mittatur
1391 3474 1428 3520 A
1469 3474 1760 3521 immittatur
1796 3487 1827 3521 e
1863 3490 1964 3522 om.
2003 3487 2036 3531 q
2239 3487 2272 3531 9
2308 3473 2479 3533 Atque
2515 3473 2695 3521 habilis
2730 3489 2834 3521 om.
2871 3475 2927 3530 A,

717 3559 807 3606 ubi
839 3572 1027 3605 uersus
1064 3557 1240 3620 incipit
1276 3574 1309 3605 a
1346 3558 1537 3606 Natura
1684 3573 1742 3606 10
1786 3558 1963 3606 ebulus
2000 3559 2054 3605 in
2093 3573 2266 3620 marg.
2308 3574 2344 3625 μ
2481 3558 2666 3605 ὴυυὶἀει
2700 3570 2738 3605 ι
2772 3559 2924 3604 uirida

716 3655 774 3689 cs
811 3643 974 3690 uiuida
1013 3642 1149 3704 (post
1184 3643 1238 3689 in
1275 3643 1440 3690 inuida
1498 3644 1647 3700 mut.)
1685 3656 1718 3701 p
1908 3643 2127 3690 bacchas
2162 3642 2196 3688 b
2390 3656 2439 3688 ιι
2501 3642 2665 3702 placet
2710 3643 2800 3689 sed
2839 3655 2926 3688 nec

717 3734 951 3786 stagnata
1006 3727 1039 3774 S
1092 3727 1255 3788 placet
1312 3743 1404 3774 nec
1459 3735 1694 3787 stagnata
1745 3728 1782 3774 A
1997 3740 2053 3785 ¹3
2109 3726 2379 3773 frondoses
2432 3730 2478 3781 (a
2528 3732 2694 3787 supra
2749 3741 2778 3772 e
2833 3740 2924 3772 scr.

719 3827 861 3859 man.
909 3811 1019 3868 alt.)
1061 3813 1096 3858 A
1323 3827 1335 3858 ι
1350 3825 1379 3870 5
1433 3810 1732 3872 Achfllradis
1788 3813 1863 3867 (ar
1917 3817 2038 3858 ante
2091 3825 2267 3858 resur.
2318 3813 2434 3863 scr.)
2488 3811 2522 3857 8
2575 3809 2841 3858 Aclaradis
2890 3810 2924 3855 A

719 3896 793 3950 (in
840 3912 1013 3959 marg.
1062 3896 1276 3946 arcadis)
1315 3912 1353 3964 μ
1390 3896 1605 3943 Acradis
1648 3908 1683 3941 a
1714 3895 1999 3942 Acharadis
2036 3894 2304 3949 (Achradis
2341 3894 2395 3940 in
2433 3899 2629 3955 marg.)
2663 3894 2732 3940 bd

718 3981 861 4040 primi
902 3982 974 4038 Ap
1153 3983 1210 4027 16
1247 3980 1419 4026 iniussi
1457 3994 1601 4026 man.
1640 3980 1728 4025 alt.
1758 3979 1811 4024 in
1836 3978 1872 4024 k
1909 3979 2096 4025 iniussa
2132 3980 2204 4026 SA
2256 3979 2445 4025 iniussu
2498 3979 2543 4025 R
2687 3991 2742 4036 ¹7
2781 3986 2924 4036 negat

720 4071 771 4123 (g
817 4064 871 4110 in
909 4080 935 4111 c
973 4067 1101 4109 mut.
1140 4076 1280 4109 man.
1321 4065 1428 4117 alt.)
1467 4065 1500 4111 S
1538 4070 1684 4110 necat
1723 4059 1801 4131 Ᾱμ
1971 4063 2194 4109 elleboro
2247 4062 2337 4109 sed
2391 4063 2427 4110 A
2483 4062 2721 4109 eleboros
2773 4072 2822 4108 et
2873 4073 2926 4107 cs

722 4149 1009 4195 helleboros
1027 4155 1078 4194 et
1103 4148 1171 4205 qk
1377 4149 1588 4194 carbasa
1617 4149 1650 4193 S
1675 4148 1856 4195 carbas
1884 4149 1928 4194 ia
1954 4148 1991 4194 A
2019 4148 2234 4207 galbana
2260 4148 2304 4194 R
2507 4162 2660 4193 succo
2696 4145 2758 4192 ds

730 4235 786 4278 18
824 4235 1011 4278 tossica
1054 4245 1087 4277 a
1128 4233 1261 4278 toxia
1314 4245 1361 4278 m

3017 2089 3062 2123 10
