3109 5559
1591 1119 2160 1181 PRAEFATIO

827 1332 905 1393 In
938 1333 1117 1394 libris
1151 1332 1535 1395 Columellae
1569 1338 1804 1395 octauo
1836 1338 1902 1394 et
1936 1352 2107 1394 nono
2140 1332 2404 1394 edendis
2437 1332 2645 1413 primo

736 1441 891 1501 uolo
924 1458 1027 1501 me
1058 1440 1180 1501 hoc
1212 1439 1425 1501 libello
1460 1439 1796 1501 fasciculos
1830 1458 1991 1519 quos
2023 1439 2276 1501 curauit
2308 1439 2386 1500 V.
2423 1440 2667 1501 Lundst

740 1546 824 1607 de
851 1545 1198 1608 Columella
1224 1546 1468 1626 optime
1495 1545 1785 1618 merituS,
1816 1546 2244 1618 continuasse,
2275 1565 2551 1626 eumque
2576 1546 2667 1607 isd

743 1652 937 1714 nibus
970 1672 1207 1732 magna
1238 1672 1318 1714 ex
1351 1658 1537 1733 parte
1571 1652 1934 1715 confecisse.

827 1758 1015 1838 Quod
1072 1759 1309 1821 attinet
1356 1760 1440 1821 ad
1485 1759 1814 1821 codices
1860 1758 2273 1831 Columellae,
2322 1778 2465 1820 eam
2511 1778 2645 1820 rem

741 1865 965 1945 paucis
1007 1866 1337 1928 absoluere
1380 1866 1551 1938 licet,
1597 1885 1745 1927 cum
1789 1865 1856 1926 in
1899 1865 2063 1927 libro
2106 1885 2269 1938 meo,
2316 1865 2427 1946 qui
2469 1866 2592 1926 Die
2635 1866 2667 1927 ζ

740 1971 1228 2048 Handschriften
1268 1971 1591 2052 (Vpsaliae
1629 1971 1808 2052 1955)
1846 1971 2233 2044 inscribitur,
2272 1972 2477 2034 fusius
2511 1977 2667 2052 atqu

740 2078 874 2140 tius
904 2078 983 2139 de
1013 2078 1103 2140 eis
1132 2078 1652 2159 disputauerim.¹

827 2185 1003 2246 Satis
1048 2191 1306 2247 constat
1350 2204 1512 2265 opus
1557 2184 1942 2246 Columellae
1986 2190 2052 2246 et
2097 2203 2211 2265 per
2254 2185 2416 2246 duos
2459 2184 2667 2246 codice

751 2291 942 2370 (saec.
980 2290 1103 2371 IX)
1140 2297 1206 2353 et
1239 2310 1351 2372 per
1381 2291 1740 2370 complures
1771 2291 2020 2353 codices
2051 2310 2213 2352 saec,
2251 2290 2375 2352 XV
2407 2291 2592 2352 nobis
2624 2310 2667 2352 e:

747 2404 913 2459 tum.
952 2397 1215 2460 Codices
1248 2404 1469 2460 autem
1503 2403 1753 2460 ueteres
1786 2398 1853 2458 hi
1887 2403 2058 2460 sunt:

832 2499 884 2566 S
906 2539 990 2548 -—
1011 2504 1215 2566 codex
1246 2503 1827 2584 Sangermanensis,
1860 2510 2056 2566 antea
2084 2503 2497 2575 Corbeiensis,
2529 2523 2663 2564 nun

741 2610 1072 2690 politanus
1102 2610 1246 2672 Lat.
1281 2610 1334 2672 F
1363 2631 1406 2672 v
1435 2611 1457 2671 1
1490 2610 1665 2690 (olim
1698 2609 2219 2690 Petropolitanus
2250 2609 2417 2690 207),
2453 2610 2667 2671 memb

741 2716 954 2797 priore
993 2723 1178 2796 parte
1215 2735 1379 2778 saec,
1424 2716 1525 2778 IX
1565 2696 1946 2779 minuscula*
1964 2723 2040 2779 ut
2079 2716 2305 2779 dicunt
2344 2717 2640 2779 Carolina

831 2819 897 2884 A
915 2859 998 2868 —
1019 2823 1222 2885 codex
1244 2822 1708 2885 Ambrosianus
1731 2823 1784 2883 L
1803 2823 1879 2901 85
1903 2842 2068 2903 sup„
2091 2824 2317 2885 eodem
2338 2824 2468 2885 fere
2490 2829 2667 2903 temp

741 2929 975 2992 litteris
1004 2929 1381 2992 minusculis
1410 2929 1831 3009 anglosaxicis
1860 2935 2182 2992 exaratus,

829 3035 1242 3098 Manifestum
1285 3042 1407 3109 est,
1457 3042 1531 3098 ut
1576 3036 1906 3098 Haussner
1946 3036 2012 3097 in
2056 3036 2362 3116 opusculo
2404 3035 2621 3116 magni
2663 3057 2667 3096 1

743 3142 991 3222 primus
1021 3142 1510 3214 demonstrauit,
1543 3142 1777 3204 deinde
1806 3142 2199 3204 Lundstr6m
2230 3148 2294 3204 et
2325 3141 2619 3221 discipuli
2648 3161 2667 3203 ε

744 3248 1141 3329 argumentis
1191 3249 1383 3311 certis
1419 3249 2001 3320 'confirmauerunt,
2053 3254 2312 3310 textum
2362 3247 2659 3310 codicum

829 3483 851 3514 ¹
889 3483 966 3532 Hi
991 3487 1141 3533 sunt:
1171 3484 1304 3533 fasc.
1335 3484 1361 3533 I
1389 3484 1593 3534 librum
1619 3484 1688 3534 de
1713 3484 2007 3534 arboribus
2034 3485 2325 3533 continens
2355 3483 2555 3547 (1897),
2585 3483 2667 3532 fas

743 3571 991 3636 primurn
1007 3576 1066 3622 et
1082 3572 1389 3622 secundum
1405 3573 1697 3622 continens
1719 3572 1837 3635 (191
1849 3572 1920 3636 7),
1940 3572 2079 3623 fasc.
2102 3572 2183 3622 1v
2198 3573 2366 3623 libros
2383 3576 2608 3622 sextum
2624 3577 2667 3621 el

744 3660 1038 3710 continens
1075 3661 1274 3725 (1940),
1312 3661 1444 3711 fasc.
1480 3661 1560 3709 VI
1596 3661 1800 3711 librum
1834 3661 2116 3711 decimum
2150 3661 2441 3711 continens
2478 3660 2658 3724 (1902)

744 3749 953 3799 librum
980 3750 1339 3800 undecimum
1365 3750 1657 3799 continens
1690 3749 1890 3813 (1906).

828 3837 850 3869 ³
888 3838 1131 3888 Textum
1171 3839 1430 3890 codicum
1472 3839 1724 3888 omnium
1766 3843 1870 3888 aut
1910 3839 1968 3888 in
2009 3838 2146 3903 ipsis
2188 3841 2291 3887 aut
2331 3838 2390 3887 in
2432 3837 2666 3902 imagini

744 3926 1114 3991 phototypice
1148 3927 1420 3992 expressis
1455 3927 1579 3992 legi,
1617 3931 1839 3992 praeter
1873 3930 2100 3977 textum
2135 3927 2340 3976 codicis
2375 3927 2667 3991 Lipsiensis

745 4015 1137 4066 collationibus
1182 4030 1324 4081 quas
1370 4016 1663 4080 diligenter
1707 4020 2047 4066 curauerunt
2095 4015 2161 4066 V.
2212 4015 2554 4065 Lundstrom
2600 4018 2660 4065 et

745 4105 1000 4168 cognoui.

828 4191 851 4223 ⁸
890 4192 947 4257 J,
998 4193 1301 4251 Haussner.
1359 4193 1463 4243 Die
1514 4193 2010 4243 handschristliche
2066 4184 2485 4257 Uberlieferung
2537 4193 2635 4243 dee

748 4281 1075 4331 Moderatus
1105 4282 1428 4341 Columella,
1464 4282 1652 4346 Progr.
1690 4282 1993 4339 Karlsruhe
2032 4281 2183 4342 1889.
