3109 5559
431 29 521 115 64
650 30 729 96 L.
765 30 916 96 Iuni
947 29 1280 96 Moderati
1311 29 1715 97 Columellae

643 207 790 273 XV.
839 206 1197 282 Quomodo
1228 206 1568 273 malleolus
1598 207 1990 274 roeecandus
2019 208 2123 275 sit.

606 314 790 380 XVI.
838 313 1425 389 Quemadmodum
1453 312 1736 400 palanda
1763 314 1847 380 sit
1878 315 2089 381 uinea.

568 420 791 486 XVII.
839 419 1061 495 Quam
1091 419 1216 486 alte
1247 420 1573 487 canterius
1603 420 2010 487 adleuandus
2039 421 2143 487 sit.

531 526 792 593 XVIII.
840 525 1426 601 Quemadmodum
1455 526 1612 592 uitis
1642 526 1989 614 adliganda
2017 527 2119 593 sit.

602 632 793 699 XIX.
841 631 1427 707 Quemadmodum
1456 632 1774 699 malleolis
1804 633 2033 720 iugum
2064 633 2524 720 inponendum
2555 634 2660 701 sit.

638 740 790 805 XX.
838 739 1422 815 Quemadmodum
1469 739 1730 806 nouella
1776 739 1972 806 uinea
2016 738 2496 827 frequentanda
2540 755 2607 808 et
2656 763 2901 828 propa·

840 846 1025 937 gines
1053 845 1388 912 faciendae
1418 846 1569 912 sint.

602 953 791 1019 XXI.
841 952 994 1033 Quo
1034 967 1332 1039 tempore
1373 966 1440 1019 et
1470 953 1660 1019 cuius
1692 953 1918 1019 aetatis
1948 953 2276 1019 uiuiradix
2305 953 2765 1021 transferenda
2798 955 2899 1020 sit.

568 1060 795 1126 XXII.
844 1042 1428 1134 Quemadmodum
1466 1081 1546 1125 ex
1585 1058 2067 1126 harundinibus
2104 1060 2336 1146 iugum
2374 1059 2762 1127 faciendum
2799 1061 2904 1127 sit.

524 1166 789 1232 XXIII.
838 1165 1422 1241 Quemadmodum
1453 1166 1521 1231 in
1554 1164 1852 1232 hortulos
1882 1166 2111 1232 uineae
2143 1165 2542 1233 diuidendae
2574 1167 2732 1234 sint.

539 1273 789 1338 XXIV.
838 1272 1423 1351 Quemadmodum
1454 1285 1798 1338 ueteranae
1831 1272 2060 1339 uineae
2092 1272 2540 1339 restituantur.

577 1380 792 1445 XXV.
841 1377 1426 1454 Quemadmodum
1456 1378 1726 1445 eaedem
1755 1392 2093 1465 putentur.

539 1486 789 1551 XXVI.
839 1484 1025 1560 Quae
1070 1484 1287 1551 bonus
1329 1484 1575 1551 uinitor
1616 1485 1687 1551 in
1729 1485 2084 1551 constituta
2125 1485 2256 1551 iam
2298 1485 2494 1552 uinea
2534 1486 2750 1554 uitare
2794 1501 2906 1553 aut

839 1591 1029 1678 sequi
1058 1590 1311 1658 debeat.

501 1699 791 1765 XXVII.
841 1698 1425 1774 Quemadmodum
1454 1697 1824 1784 pampinari
1856 1696 2110 1764 debeat.

463 1805 790 1871 XXVIII.
840 1804 1023 1880 Quot
1051 1804 1326 1870 fossuris
1355 1803 1597 1870 extolli.

534 1911 790 1977 XXIX.
841 1911 945 1977 De
977 1910 1342 1977 inserendis
1370 1910 1768 1996 tuendisque
1799 1910 2010 1976 insitis
2040 1911 2271 1977 uineiS.

571 2018 791 2084 XXX.
841 2018 946 2083 De
976 2016 1218 2083 salictis
1246 2016 1583 2083 faciendis.

533 2124 790 2191 XXXI.
841 2124 945 2190 De
975 2123 1264 2211 genistis.

494 2230 790 2296 XXXII.
840 2230 944 2296 De
975 2229 1449 2296 harundinetis.

456 2338 789 2403 XXXIII.
841 2337 944 2403 De
976 2336 1363 2403 castanietis.

444 2530 749 2583 amndibus
782 2530 823 2582 S
855 2529 1198 2582 harundibus
1231 2529 1284 2581 A
1318 2557 1355 2566 -
1391 2545 1456 2593 23
1494 2529 1738 2581 hortolos
1770 2529 1823 2581 A
1856 2556 1895 2565 -
1931 2545 2000 2593 24
2034 2539 2321 2582 ueteranae
2354 2529 2581 2600 wfiybp
2614 2543 2811 2585 uetera
2844 2532 2908 2585 8ι

441 2629 729 2671 ueteranea
756 2617 916 2683 Ahry
942 2628 1262 2670 ueteraneae
1290 2619 1469 2682 (uera-
1490 2616 1540 2682 j)
1569 2617 1798 2684 S⁸Jmpu
1831 2645 1870 2654 -
1905 2631 1973 2682 27
2002 2619 2098 2671 hoc
2124 2628 2176 2670 et
2201 2636 2405 2684 sequens
2433 2619 2491 2672 in
2517 2637 2680 2672 unum
2708 2638 2905 2675 censer.

445 2709 587 2761 SAR
620 2735 659 2744 -
693 2708 981 2772 panpinari
1003 2705 1273 2773 sAjbpy·
1306 2734 1345 2743 -
1380 2707 1449 2760 28
1472 2718 1611 2771 quot
1633 2706 1828 2773 dfioyp
1852 2706 2003 2771 quod
2026 2707 2169 2760 SAR
