3109 5559
607 272 723 333 108
1185 288 1242 333 L.
1277 287 1422 333 1vm
1458 287 1806 333 MODERATI
1839 287 2280 334 corvinum

507 457 581 501 12
684 451 787 512 Ab
812 469 1040 511 occasu
1067 449 1485 529 Vergiliarum
1512 450 1598 511 ad
1623 451 1941 521 brumam,
1969 469 2137 529 quae
2162 449 2292 512 fere
2317 450 2659 512 conficitur
2685 451 2874 513 ciroe

602 558 766 618 VIII
803 556 1128 618 Kalendas
1161 556 1443 617 Ianuarii
1472 557 1538 617 in
1571 563 1807 618 octaua
1835 563 2020 636 parte
2051 557 2438 636 Capricorni,
2470 557 2602 618 iam
2633 576 2873 619 recon-

602 663 740 725 dito
767 663 950 724 melle
976 671 1253 724 utuntur
1275 663 1593 724 examina.
1623 682 1739 724 nec
1765 682 1869 724 me
1894 662 2058 724 fallit
2088 663 2442 742 Hipparchi
2468 664 2654 735 ratic,
2685 683 2872 743 quae

600 770 788 831 docet
828 769 1102 831 solstitia
1141 776 1204 830 et
1245 770 1652 848 aequinoctia
1689 788 1819 830 non
1857 770 2107 831 octauis
2142 770 2257 831 sed
2294 769 2515 849 primis
2551 771 2871 849 partibus

599 876 924 955 signorum
969 875 1218 938 confici.
1266 894 1491 937 uerum
1537 876 1604 936 in
1649 876 1771 937 hac
1816 875 1978 938 ruris
2023 875 2358 955 disciplina
2402 895 2635 955 sequor
2677 896 2870 939 nunc
2895 897 2934 944 5

602 982 859 1044 Eudoxi
908 990 972 1043 et
1026 982 1299 1043 Metonis
1348 983 1890 1062 antiquorumque
1941 982 2148 1044 fastus
2197 983 2683 1062 astrologorum,
2735 985 2872 1062 qui

599 1095 752 1151 sunt
800 1088 1010 1168 aptati
1057 1088 1327 1167 publicis
1373 1088 1718 1160 sacrificiis,
1768 1089 1921 1168 quia
1967 1096 2033 1151 et
2081 1088 2295 1150 notior
2340 1095 2437 1150 est
2485 1089 2614 1149 ista
2660 1096 2871 1152 uetus

601 1195 888 1275 agricolis
952 1201 1263 1274 conoepta
1328 1194 1563 1274 opinio,
1629 1214 1747 1256 nec
1813 1203 2032 1256 tamen
2101 1194 2457 1274 Hipparchi
2521 1195 2872 1258 subtilitas

505 1310 581 1370 13
601 1302 1057 1382 pinguioribuS,
1098 1310 1172 1363 ut
1212 1302 1416 1373 aiunt,
1457 1301 1841 1363 rusticorum
1879 1301 2109 1363 litteris
2147 1302 2500 1363 necessaria
2535 1309 2657 1363 est.
2699 1321 2868 1382 ergo

601 1409 1021 1488 Vergiliarum
1070 1427 1298 1469 occasu
1347 1408 1553 1487 primo
1601 1407 1824 1469 statim
1872 1407 2214 1469 conueniat
2262 1408 2506 1487 aperire
2554 1409 2737 1470 aluos
2787 1419 2869 1471 et
2899 1430 2972 1465 10

601 1516 951 1595 depurgare
975 1514 1280 1594 quicquid
1300 1514 1619 1576 immundi
1640 1520 1736 1576 est
1760 1514 2251 1594 diligentiusque
2275 1533 2516 1586 curare,
2541 1514 2870 1594 quoniam

601 1642 713 1701 per
752 1628 1044 1700 tempora
1081 1620 1309 1682 hiemis
1347 1640 1475 1682 non
1515 1621 1775 1700 expedit
1816 1640 2072 1682 mouere
2112 1627 2227 1682 aut
2267 1620 2629 1700 patefacere
2669 1640 2864 1683 uasa.

599 1747 797 1808 quam
818 1728 903 1789 ob
923 1746 1183 1789 causam
1205 1727 1360 1788 dum
1383 1727 1594 1788 adhuc
1615 1727 1913 1788 autumni
1933 1727 2234 1807 reliquiae
2254 1733 2427 1798 sunt,
2455 1727 2870 1807 apricissimo

598 1834 702 1896 die
724 1834 1011 1914 purgatis
1033 1833 1365 1895 domiciliis
1386 1834 1686 1913 opercula
1704 1833 1882 1895 intus
1903 1853 2106 1912 usque
2127 1833 2212 1894 ad
2234 1832 2420 1895 fauos
2440 1834 2868 1895 admouenda

597 1949 770 2012 sunt,
818 1940 992 2001 omni
1036 1959 1242 2001 uacua
1285 1946 1470 2019 parte
1513 1940 1679 2001 sedis
1722 1939 1999 2011 exclusa,
2046 1959 2176 2019 quo
2220 1939 2470 2001 facilius
2513 1940 2867 2019 angustiae
2894 1962 2960 2011 15

598 2066 940 2109 cauearum
983 2066 1095 2125 per
1133 2046 1407 2107 hiemem
1449 2047 1912 2107 concalescant.
1955 2047 2149 2126 idque
2190 2065 2440 2125 semper
2479 2045 2868 2109 faciendum

599 2161 695 2216 est
733 2153 929 2215 etiam
965 2153 1030 2213 in
1067 2152 1166 2214 his
1201 2153 1363 2214 aluis
1398 2172 1565 2232 quae
1601 2153 1928 2232 paucitate
1964 2152 2167 2231 plebis
2204 2152 2638 2231 infrequentes
2672 2161 2864 2215 sunt.

503 2270 581 2331 14
599 2260 905 2340 quicquid
927 2259 1155 2321 deinde
1175 2259 1481 2320 rimarum
1503 2265 1601 2320 est
1625 2265 1738 2320 aut
1763 2258 2149 2320 foraminum
2172 2259 2311 2319 luto
2335 2265 2399 2319 et
2425 2258 2582 2320 fimo
2604 2258 2868 2321 bubulo

599 2367 819 2428 mixtis
851 2365 1189 2427 inlinemus
1221 2365 1634 2437 extrinsecuS,
1669 2384 1785 2427 nec
1817 2365 1938 2426 nisi
1971 2365 2187 2426 aditus
2219 2365 2453 2444 quibus
2484 2374 2862 2428 commeent

668 2615 861 2662 9-109:
884 2615 914 2663 3
947 2600 1158 2650 Pallad.
1194 2613 1278 2659 12,
1300 2602 1351 2658 8,
1375 2613 1508 2656 t-2;
1538 2601 1619 2662 cfr
1658 2602 1825 2650 Varro
1856 2605 1987 2651 rust.
2010 2611 2063 2661 3,
2088 2599 2173 2659 16,
2196 2599 2293 2655 16:
2325 2600 2474 2650 Ptin.
2501 2604 2614 2651 nat.
2639 2612 2727 2658 η,
2747 2601 2862 2656 80,-

596 2691 759 2754 Geop.
795 2701 879 2751 15,
904 2703 954 2748 2,
975 2691 1010 2739 8

675 2883 697 2918 1
735 2868 848 2917 fere
879 2884 980 2918 om.
1013 2867 1144 2937 qnx²
1322 2868 1669 2931 confingitur
1697 2862 1783 2918 SA
1963 2881 1993 2916 2
2025 2869 2356 2932 capricornii
2385 2862 2438 2916 Β
2467 2867 2670 2932 aliquot

596 2959 730 3020 iam]
767 2971 898 3006 nam
928 2957 1057 3026 qnx¹
1241 2969 1271 3019 3
1306 2959 1412 3019 me]
1448 2957 1612 3006 melle
1640 2964 1677 3006 8
1854 2956 2166 3022 hypparchi
2192 2951 2245 3005 Β
2274 2956 2479 3020 aliquot
2656 2971 2689 3019 4
2721 2958 2858 3007 soli·

596 3048 756 3096 stitia
785 3040 837 3094 A
1015 3047 1048 3094 6
1079 3045 1361 3095 methonis
1389 3040 1439 3095 Β
1469 3046 1672 3109 aliquot
1700 3047 1982 3096 mentonis
2009 3040 2095 3096 SA
2274 3045 2459 3094 fastus
2479 3054 2515 3103 n
2538 3044 2693 3095 fatus
2711 3040 2861 3096 m

598 3137 760 3186 facus
786 3134 845 3183 ¹¹
876 3150 979 3185 om.
1012 3134 1090 3184 oe²
1121 3151 1223 3185 om.
1255 3152 1311 3185 u.
1332 3141 1415 3200 sp.
1438 3150 1480 3183 r.
1510 3143 1551 3183 n
1690 3148 1719 3197 7
1750 3136 1965 3199 aptatis
1984 3129 2020 3184 8
2042 3138 2277 3199 aptatus
2297 3128 2349 3182 A
2483 3134 2723 3199 publicis
2747 3172 2759 3183 .
2792 3173 2807 3184 .
2839 3174 2854 3185 .

596 3226 789 3289 opinio
818 3240 920 3274 om.
952 3221 989 3274 ⁸
1167 3224 1474 3285 sacrificiis]
1509 3224 1745 3272 edificiis
1770 3231 1811 3271 n
1990 3224 2210 3273 noctior
2236 3217 2369 3272 Aeoe
2399 3225 2600 3272 nouior
2626 3218 2687 3273 8¹

597 3314 632 3361 8
664 3315 795 3378 opio
822 3307 880 3362 8¹
1046 3312 1357 3377 hypparchi
1388 3313 1476 3363 uel
1505 3312 1757 3377 hipparci
1789 3307 1839 3362 Β
1868 3313 2072 3375 aliquot
2238 3326 2304 3360 10
2332 3313 2633 3361 conueniet
2661 3307 2714 3361 Β

596 3404 790 3452 alueos
817 3396 867 3451 Β
897 3402 1098 3465 aliquot
1281 3415 1340 3450 11
1375 3402 1673 3466 depurgari
1704 3408 1854 3450 mrae
1884 3403 2140 3465 epurgari
2171 3396 2207 3450 b
2383 3403 2640 3466 quicquit
2661 3396 2713 3450 A

604 3506 665 3541 12
700 3492 917 3555 hyemis
945 3485 995 3540 Β
1025 3491 1229 3553 aliquot
1442 3491 1756 3554 tepefacere
1783 3485 2150 3546 mmmmm
2179 3486 2201 3539 l
2229 3490 2544 3555 tepefacere
2572 3485 2632 3540 Φ

602 3594 667 3643 13
698 3595 871 3645 quam
920 3579 995 3628 ob
1025 3593 1252 3629 causam
1281 3574 1368 3629 ΕΒ
1398 3593 1572 3644 quam
1602 3593 1831 3629 causam
1860 3573 1912 3627 A
1940 3579 2171 3643 quando
2199 3593 2429 3629 causam
2457 3587 2546 3635 zo
2576 3595 2678 3630 om.
2712 3582 2853 3650 φα*

812 3670 955 3718 aduc
986 3662 1038 3716 A
1252 3669 1473 3717 atumni
1504 3662 1556 3716 A
1734 3668 2001 3732 reliquiae
2032 3671 2164 3717 sunt
2194 3663 2244 3718 Β
2273 3669 2519 3733 reliquae
2550 3664 2856 3729 otiqjvbm
3103 3621 3109 3762 ⁴

596 3760 795 3823 reliqui
826 3765 891 3807 ω
923 3758 1136 3821 reliquo
1161 3767 1214 3806 ω
1245 3758 1598 3820 requiescunt
1620 3750 1706 3806 SA
1874 3770 1937 3819 14
1970 3771 2174 3822 purgas
2195 3757 2324 3826 qnx¹
2490 3758 2766 3807 domicilis
2786 3755 2850 3809 8ι

812 3847 1166 3896 admanenda
1186 3841 1245 3896 8²
1276 3846 1614 3896 admouendi
1645 3845 1774 3915 qnx¹
1799 3845 2138 3895 admonendi
2160 3841 2182 3894 l
2364 3859 2427 3908 15
2459 3847 2627 3896 sediis
2646 3842 2682 3897 8
3099 3829 3109 3944 Ι

602 3940 668 3986 16
698 3938 955 4000 hyemem
986 3930 1036 3985 Β
1066 3936 1268 3999 aliquot
1481 3936 1878 3984 conualescant
1908 3930 1932 3983 t
2153 3949 2216 3997 17
2247 3935 2423 3985 etiam
2455 3937 2514 3985 in
2544 3935 2634 3985 his
2662 3952 2764 3987 om.
2799 3933 2850 3986 tl

809 4027 878 4075 iis
907 4019 1146 4082 ssoefix't'n
1362 4025 1538 4074 alueis
1568 4019 1618 4074 Β
1647 4024 1883 4089 plerique
2099 4028 2232 4073 sunt
2262 4039 2363 4076 om.
2398 4019 2666 4094 odqfiqnx¹
3093 3993 3108 4093 Ι

602 4116 665 4164 18
697 4116 957 4180 quicquit
987 4108 1039 4162 A
1251 4115 1332 4176 et]
1366 4116 1466 4162 aut
1495 4120 1613 4182 wtp
1811 4126 1878 4173 19
1907 4114 2242 4164 intrinsecus
2268 4107 2320 4161 A
2496 4121 2779 4164 comment
2815 4125 2856 4173 ς

596 4207 921 4254 commeunt
951 4202 1080 4272 qnx²
3089 4127 3106 4356 Ι
