3109 5559
462 239 548 308 88
682 239 761 306 L.
796 239 948 306 Iuni
979 238 1313 306 Moderati
1351 239 1756 306 Columellae

458 431 838 484 emortuum
858 431 978 496 est,
1006 417 1245 483 deinde
1266 416 1432 483 falce
1454 417 1636 483 eradi
1658 417 1817 483 uiuo
1840 431 2055 497 tenus,
2081 430 2156 483 ut
2181 439 2219 482 a
2239 418 2438 484 uiridi
2460 418 2703 485 cortice
2727 419 2934 486 ducat
2963 428 2966 429 ’

349 552 416 603 ³5
462 523 852 590 cicatricem.
945 527 989 587 6
1028 545 1244 610 neque
1272 537 1373 590 est
1401 523 1670 590 difficile
1699 546 1856 590 mox
1883 524 2215 589 adleuatas
2243 524 2466 610 plagas
2491 537 2685 603 terra,
2719 547 2930 611 quam

462 630 647 717 prius
683 652 953 716 amurga
990 630 1436 710 madefeceris,
1478 631 1702 697 linere:
1742 652 1899 696 nam
1935 643 2002 696 et
2039 630 2405 696 teredinem
2440 630 2928 718 formicamque

458 735 787 823 prohibet,
817 737 1026 802 solem
1050 738 1250 803 etiam
1276 751 1342 803 et
1368 736 1630 824 pluuias
1656 751 1830 803 arcet
1856 736 2183 802 eiusmodi
2211 737 2424 815 litura,
2455 751 2728 824 propter
2756 760 2929 824 quae

459 843 735 910 celerius
788 843 1092 910 coalescit
1144 858 1212 911 et
1263 842 1559 910 fructum
1611 843 1896 909 uiridem
1949 856 2315 909 conseruat.
2372 857 2598 910 cortex
2649 866 2926 931 quoque

457 949 682 1016 aridus
717 948 1044 1036 fissusque
1081 972 1199 1036 per
1236 972 1497 1017 summa
1533 950 1752 1017 trunci
1791 949 2173 1035 dependens
2210 971 2485 1035 corpore
2522 962 2718 1016 tenus
2758 951 2925 1017 deli-

340 1086 415 1135 40
457 1056 751 1123 brandus
777 1070 896 1135 est,
928 1057 1110 1142 quod
1137 1070 1202 1123 et
1229 1056 1466 1123 melius
1492 1056 1649 1122 uitis
1677 1056 1864 1143 quasi
1891 1055 2199 1121 sordibus
2226 1056 2496 1122 liberata
2522 1057 2928 1123 conualescit

458 1177 524 1230 et
560 1162 782 1228 minus
816 1163 976 1229 uino
1010 1162 1210 1229 faecis
1244 1162 1476 1230 adfert.
1514 1164 1649 1228 iam
1683 1185 1844 1229 uero
1878 1184 2168 1241 muscuS,
2208 1162 2324 1248 qui
2359 1184 2543 1228 more
2571 1164 2925 1249 compedis

459 1291 651 1336 crura
684 1269 925 1335 uitium
961 1269 1270 1336 deuincta
1302 1269 1658 1356 conprimit
1693 1270 1957 1356 situque
1992 1283 2059 1335 et
2092 1282 2366 1335 ueterno
2403 1283 2706 1348 macerat,
2748 1268 2926 1336 ferro

460 1375 966 1463 destringendus
996 1389 1061 1442 et
1091 1376 1461 1442 eradendus
1491 1390 1610 1441 est.

544 1501 587 1564 7
624 1483 847 1568 Atque
888 1482 1049 1548 haec
1089 1483 1160 1548 in
1198 1483 1332 1548 ima
1371 1496 1555 1569 parte
1597 1483 1771 1549 uitis,
1817 1504 1940 1548 nec
1980 1482 2202 1547 minus
2241 1504 2337 1561 ea,
2381 1503 2550 1568 quae
2590 1481 2662 1547 in
2703 1482 2923 1569 capite

342 1618 411 1667 4⁵
458 1589 783 1655 seruanda
825 1589 976 1669 sint,
1024 1589 1336 1676 deinceps
1377 1588 1890 1676 praecipiuntur.
1937 1588 2183 1674 plagae,
2230 1609 2396 1674 quas
2437 1588 2508 1653 in
2551 1588 2722 1654 duro
2767 1589 2927 1654 uitis

460 1695 716 1782 accipit,
752 1695 1059 1782 obliquae
1093 1695 1548 1781 rotundaeque
1581 1694 1723 1761 fieri
1747 1694 2012 1774 debent;
2038 1716 2195 1760 nam
2217 1694 2411 1761 citius
2433 1694 2815 1761 coalescunt
2837 1709 2923 1774 et,

460 1802 781 1889 quamdiu
816 1801 1184 1868 cicatricem
1220 1824 1355 1868 non
1390 1801 1832 1880 obduxerunt,
1871 1800 2289 1867 commodius
2324 1822 2566 1887 aquam
2601 1800 2925 1880 fundunt;

459 1923 865 1975 transuersae
918 1908 1068 1995 plus
1121 1908 1371 1974 umoris
1422 1922 1489 1974 et
1540 1908 1866 1994 recipiunt
1918 1919 1984 1973 et
2036 1907 2395 1973 continent.
2452 1928 2601 1972 eam
2653 1907 2927 1994 culpam

458 2015 740 2081 maxime
778 2014 1025 2081 uinitor
1061 2014 1293 2101 fugito.
1335 2028 1663 2080 sarmenta
1700 2014 1847 2093 lata,
1888 2027 2131 2093 uetera,
2173 2013 2342 2079 male
2381 2027 2551 2092 nata,
2592 2026 2922 2092 contorta,

343 2150 412 2200 5ο
457 2122 768 2187 deorsum
791 2122 1152 2207 spectantia
1178 2121 1485 2200 decidit0‚
1514 2121 1775 2187 nouella
1799 2135 1865 2186 et
1889 2120 2266 2198 fructuaria,
2295 2133 2469 2185 recta
2494 2120 2924 2200 summittito;

457 2228 722 2294 brachia
763 2242 987 2295 tenera
1029 2242 1095 2294 et
1137 2226 1375 2293 uiridia
1417 2241 1698 2306 seruato,
1745 2227 1924 2292 arida
1967 2241 2034 2293 et
2075 2239 2300 2292 uetera
2341 2224 2506 2292 falce
2549 2240 2923 2312 amputato;

457 2356 713 2421 ungues
748 2333 1103 2401 custodum
1139 2334 1489 2400 annotinos
1525 2347 1835 2412 resecato;
1925 2335 1970 2397 8
2008 2333 2080 2399 in
2117 2346 2430 2419 quattuor
2464 2330 2673 2398 ferme
2712 2334 2925 2419 pedes

456 2462 656 2527 supra
702 2454 944 2507 terram
992 2441 1200 2508 uitem
1248 2440 1484 2506 elatam
1531 2440 1811 2506 totidem
1860 2438 2144 2505 brachiis
2193 2438 2571 2525 conponit0,
2625 2460 2924 2525 quorum

455 2547 711 2633 singula
740 2560 1037 2634 spectant
1067 2547 1355 2633 singulas
1386 2546 1680 2612 decusati
1709 2546 1846 2631 iugi
1876 2546 2099 2633 partis;
2131 2558 2279 2611 tum
2309 2544 2416 2610 uel
2447 2567 2662 2610 unum
2693 2545 2922 2632 flagel-

342 2683 407 2732 55
454 2653 615 2733 lum,
652 2654 709 2720 si
741 2653 1020 2719 macrior
1052 2654 1208 2720 uitis
1241 2653 1382 2733 erit,
1419 2653 1527 2719 uel
1562 2653 1717 2732 duo,
1754 2653 1810 2718 si
1843 2652 2117 2739 plenior,
2155 2650 2423 2717 brachio
2457 2650 2699 2737 cuique
2733 2674 2923 2718 sum-

456 2760 720 2840 mittito,
754 2782 962 2847 eaque
993 2760 1148 2846 iugo
1179 2759 1593 2846 superposita
1622 2758 2067 2846 praecipitat0.

540 2886 586 2948 9
626 2866 759 2933 Sed
808 2866 1186 2933 meminisse
1236 2865 1587 2953 oportebit,
1641 2888 1725 2932 ne
1774 2865 1844 2931 in
1893 2865 2125 2930 eadem
2175 2865 2346 2930 linea
2392 2886 2662 2951 unoque
2713 2864 2918 2931 latere

456 2972 681 3039 brachi
723 2995 863 3039 esse
908 2973 1071 3038 duas
1113 2973 1415 3038 materias
1457 2972 1750 3058 plurisue
1793 2971 2139 3059 patiamur;
2185 2992 2473 3057 namque
2515 2971 2585 3036 id
2627 2972 2919 3037 maxime

455 3079 663 3146 uitem
692 3078 975 3158 infestat,
1009 3078 1127 3144 ubi
1156 3100 1292 3145 non
1323 3078 1540 3144 omnis
1571 3100 1721 3164 pars
1751 3077 2038 3144 bracchii
2069 3078 2209 3164 pari
2240 3077 2385 3143 uice
2416 3076 2669 3143 laborat
2698 3100 2918 3164 neque

338 3199 410 3252 60
452 3208 661 3273 aequa
689 3185 991 3273 portione
1020 3206 1257 3251 sucum
1286 3184 1455 3272 proli
1484 3206 1640 3250 suae
1670 3184 2006 3270 dispensat
2033 3184 2150 3250 sed
2179 3183 2263 3249 ab
2293 3205 2429 3249 uno
2459 3183 2657 3249 latere
2687 3185 2919 3271 exugi-

453 3306 582 3372 tur,
628 3314 762 3379 quo
802 3290 897 3371 fit,
943 3305 1019 3358 ut
1057 3314 1134 3358 ea
1173 3313 1363 3370 uena,
1406 3291 1596 3357 cuius
1637 3291 1855 3357 omnis
1895 3313 2088 3356 umor
2128 3289 2518 3369 adsumitur,
2563 3289 2751 3357 uelut
2794 3290 2920 3357 icta

456 3399 718 3484 fulgure
748 3413 1013 3464 arescat.

540 3525 625 3567 ro
666 3506 957 3571 Vocatur
994 3505 1193 3571 etiam
1229 3504 1543 3571 focaneus
1581 3504 1851 3591 palmes»,
1894 3503 2010 3589 qui
2047 3503 2214 3569 solet
2249 3503 2321 3569 in
2358 3501 2617 3569 bifurco
2656 3503 2919 3569 medius

457 3629 580 3692 quit
602 3627 666 3680 8ι
699 3654 739 3664 -
775 3643 844 3691 34
866 3628 982 3679 radi
1005 3626 1138 3693 SA⁸j
1163 3627 1279 3679 redi
1300 3627 1375 3679 A¹
1410 3654 1447 3663 -
1485 3628 1551 3691 36
1577 3627 1824 3679 deficeris
1847 3626 1938 3678 SA
1972 3653 2010 3663 -
2044 3626 2214 3678 lenire
2235 3626 2289 3678 A
2309 3626 2467 3677 linire
2486 3625 2540 3677 R
2573 3651 2612 3662 -
2647 3638 2716 3689 37
2738 3627 2912 3679 solam

456 3717 510 3769 A
542 3743 581 3753 -
616 3717 773 3781 pluui
801 3715 919 3768 S¹A
945 3717 1192 3781 pluuiam
1221 3715 1284 3769 S¹
1318 3742 1357 3752 -
1393 3732 1460 3780 39
1490 3716 1811 3769 delibradus
1840 3715 1880 3768 S
1915 3742 1953 3752 -
1986 3731 2057 3779 40
2084 3714 2340 3768 sordidus
2369 3714 2409 3767 S
2441 3741 2481 3751 -
2515 3731 2578 3778 41
2611 3731 2728 3766 uno
2758 3715 2849 3767 SA
2881 3741 2917 3751 -

459 3822 652 3859 umore
684 3805 937 3858 concedit
969 3823 1099 3858 cura
1130 3806 1221 3858 SA
1255 3832 1293 3842 -
1328 3822 1397 3869 42
1431 3806 1617 3857 deuita
1648 3805 1711 3857 S¹
1744 3831 1783 3840 -
1818 3815 1873 3856 et
1905 3821 2003 3856 om.
2038 3804 2129 3856 SA
2163 3830 2200 3840 -
2234 3820 2306 3868 44
2338 3815 2503 3867 atque
2533 3804 2586 3855 R
2617 3814 2670 3855 et
2704 3820 2847 3867 quae
2876 3803 2915 3855 S

459 3912 602 3960 quae
624 3894 678 3946 A
710 3921 748 3931 -
783 3906 936 3959 parte
958 3896 1011 3947 R
1033 3906 1178 3947 crate
1201 3894 1294 3947 SA
1325 3921 1363 3930 -
1399 3911 1465 3959 45
1491 3895 1676 3958 plagas
1700 3893 1792 3946 SA
1825 3920 1863 3930 -
1898 3894 1967 3957 46
1991 3893 2330 3957 rotudaeque
2352 3892 2414 3944 S¹
2449 3919 2487 3929 -
2522 3892 2914 3945 conualcscunt

453 3984 507 4036 R
540 4011 579 4021 -
614 3997 683 4049 47
704 3984 1037 4036 obduxerint
1058 3982 1184 4036 1220
1216 4010 1254 4020 -
1288 3984 1357 4047 48
1377 4001 1483 4047 pus
1504 3984 1597 4036 SA
1628 4010 1667 4020 -
1703 3982 2044 4047 praecipiunt
2064 3981 2276 4047 Abin-¹
2297 3982 2575 4046 excipiunt
2594 3980 2704 4032 b¹o
2734 4008 2776 4018 —
2811 3983 2917 4034 iam

455 4073 509 4125 A
542 4100 581 4110 -
617 4089 686 4138 5ο
710 4073 941 4125 recidito
964 4074 1017 4125 R
1050 4100 1089 4110 -
1125 4084 1269 4125 recta
1293 4090 1390 4125 om.
1418 4073 1509 4125 SA
1543 4099 1582 4109 -
1616 4072 1923 4125 summitito
1946 4070 2000 4122 A
2021 4071 2311 4123 summitto
2334 4069 2540 4136 hjmr·
2573 4096 2612 4106 -
2649 4086 2716 4135 52
2743 4069 2915 4123 ferme

455 4163 542 4226 λρ
583 4162 772 4214 sannae
812 4160 1007 4226 SAhjo
1038 4189 1077 4198 -
1114 4178 1178 4227 53
1222 4173 1422 4213 terram
1460 4161 1514 4213 R
1552 4172 1826 4213 tex-ranam
1865 4160 1956 4212 SA
1989 4187 2028 4196 -
2062 4160 2349 4224 conposito
2390 4159 2483 4213 SA
2514 4186 2554 4196 -
2590 4175 2658 4223 54
2698 4160 2914 4224 singula

456 4262 706 4316 spectant
735 4268 832 4302 om.
863 4251 917 4303 A
949 4277 988 4287 -
1022 4251 1264 4315 singulas
1290 4250 1344 4302 A
1369 4251 1584 4314 singula
1611 4250 1702 4302 SR
1735 4276 1774 4286 -
1811 4262 1878 4314 57
1906 4250 2233 4301 meminesse
2260 4249 2322 4301 S¹
2356 4275 2395 4285 -
2430 4250 2536 4300 late
2563 4247 2680 4300 S²A
2714 4275 2754 4285 -
2791 4250 2914 4301 bra·

455 4340 568 4392 chii
604 4339 793 4393 sunzo
825 4367 864 4376 -
900 4340 968 4405 58
1004 4340 1080 4393 ita
1116 4339 1209 4393 SA
1240 4367 1278 4377 -
1315 4355 1382 4404 59
1419 4340 1628 4392 brachii
1663 4338 1717 4390 R
1753 4338 2004 4390 bracchia
2041 4338 2081 4390 S
2117 4338 2338 4390 brachia
2372 4337 2426 4389 A
2459 4364 2497 4373 -
2530 4354 2713 4402 neque
2751 4337 2911 4390 Schn.

461 4444 602 4492 quae
628 4429 721 4482 SA
746 4440 911 4493 atque
936 4428 990 4480 R
1022 4456 1061 4466 -
1097 4430 1167 4481 60
1193 4430 1262 4481 ab
1290 4429 1381 4481 SR
1407 4429 1477 4481 ad
1503 4428 1557 4480 A
1589 4455 1628 4464 -
1664 4428 1726 4480 61
1760 4444 1822 4479 ea
1850 4444 1991 4479 uena
2018 4425 2144 4479 1220
2169 4443 2374 4479 acuens
2399 4424 2507 4490 SAi
2543 4453 2582 4463 -
2617 4427 2724 4478 icta
2751 4427 2914 4479 S⁸AR

460 4515 537 4569 ita
570 4518 633 4571 8ι
667 4545 706 4556 -
741 4519 809 4572 62
844 4518 1061 4582 fulgure
1094 4516 1320 4584 hM'ycu
1352 4518 1612 4582 pulchere
1646 4517 1686 4569 S
1718 4517 1943 4581 pulgere
1975 4516 2029 4568 A
2061 4516 2274 4581 fulgore
2299 4514 2361 4582 ip
2395 4542 2435 4552 -
2469 4516 2536 4579 63
2574 4526 2805 4568 uocatur
2836 4515 2918 4567 λσ

481 4604 682 4660 ’ἱάεωῐ
705 4606 815 4673 SAJ‘
840 4619 1026 4660 oratur
1048 4607 1092 4660 h
1126 4634 1164 4644 -
1198 4607 1394 4660 melius
1419 4607 1510 4659 SA
1543 4633 1583 4643 -·
1617 4607 1683 4671 65
1710 4606 1821 4659 dua
1842 4606 1896 4658 A
1927 4632 1967 4642 -
2002 4623 2112 4670 qua
2135 4623 2193 4658 se
2215 4605 2269 4657 R
2292 4606 2448 4669 quasi
2472 4604 2565 4658 SA
2597 4631 2636 4641 -
2670 4605 2839 4658 uelud
2863 4606 2914 4657 A
