3109 5559
520 516 800 574 Senensis
858 515 913 572 L
974 515 1078 572 IX
1128 531 1209 588 24
1274 511 1368 586 (ο)
1432 514 1789 574 chartaceus
1854 515 1957 574 (01.
2019 534 2124 590 131
2179 526 2465 590 excerpta
2512 534 2543 573 e

295 618 667 677 Columella
713 616 1055 676 continens,

520 718 896 795 illosqueusis
920 718 1398 778 Demidovianus
1420 717 1527 796 (μ)
1552 718 2059 777 membranaceus
2083 719 2185 777 fol.
2217 722 2356 792 264,
2381 738 2545 777 anno

308 825 473 880 1812
532 818 794 878 flammis
838 820 1185 888 deuoratuS‚
1232 840 1342 897 per
1387 817 1782 880 collationem
1827 819 1893 878 C.
1941 820 2036 878 Fr.
2084 813 2426 878 Matthaei¹
2475 840 2547 879 ex

298 934 486 1000 parte
542 921 845 999 cognitus,

524 1024 980 1083 Laurentianus
1009 1025 1163 1102 plut.
1204 1039 1398 1100 53,27
1445 1019 1538 1097 (p)
1583 1023 2088 1081 membranaceus
2133 1024 2237 1082 (01.
2289 1045 2426 1082 201.

526 1126 981 1183 Laurentianus
1010 1126 1165 1202 plut.
1206 1142 1252 1200 5
1248 1141 1403 1201 3,24
1446 1121 1547 1194 (k)
1595 1124 1953 1183 chartaceus
1998 1124 2102 1182 (01.
2153 1145 2291 1200 229.

545 1227 867 1285 Vaticanus
926 1242 1091 1302 1524
1148 1224 1260 1298 (w)
1320 1226 1676 1285 chartaceus
1733 1226 1835 1285 (01.
1888 1246 2027 1301 203,
2088 1237 2327 1302 praeter
2372 1227 2549 1285 Colu-

301 1331 571 1389 mellam
619 1330 959 1388 Varronem
1006 1340 1066 1388 et
1109 1329 1408 1388 Catonem
1455 1327 1796 1388 continens

549 1432 869 1490 Vaticanus
914 1446 1079 1506 1525
1123 1430 1211 1504 (r)
1259 1432 1763 1490 membranaceus
1809 1431 1912 1490 fol.
1965 1446 2103 1507 255.

548 1534 868 1592 Vaticanus
912 1532 1084 1609 1526
1120 1532 1216 1605 (v)
1262 1535 1768 1593 membranaceus
1814 1534 1916 1592 fol.
1969 1550 2081 1606 227
2115 1535 2175 1596 -1-
2213 1552 2259 1590 1.

550 1636 868 1694 Vaticanus
913 1650 1076 1711 1527
1122 1631 1218 1709 (y)
1264 1637 1770 1695 membranaceus
1815 1635 1919 1693 fol.
1971 1654 2108 1709 231.

549 1737 989 1796 Vallicellianus
1032 1736 1098 1794 E
1130 1755 1218 1814 39
1262 1734 1357 1812 (g)
1406 1738 1909 1796 membranaceus
1954 1734 2056 1794 (01.
2108 1754 2247 1795 220.

532 1839 928 1897 Bononiensis
986 1853 1152 1914 2523
1208 1835 1288 1909 (t)
1347 1837 1447 1908 (ex
1504 1838 1607 1897 lib.
1664 1840 1723 1899 S.
1771 1838 1933 1899 Salv.
1998 1836 2139 1908 168)
2194 1838 2551 1896 chartaceus

312 1942 417 2000 fol.
470 1960 607 1999 non
652 1958 884 1999 numer.

526 2041 857 2118 Lipsiensis
898 2050 1015 2118 rep.
1064 2042 1184 2116 lf.
1235 2060 1317 2118 13
1361 2040 1436 2113 (l)
1484 2041 1858 2101 chartaceus

526 2208 848 2286 Optimum
922 2208 1205 2269 codicum
1272 2208 1677 2269 recentiorum
1748 2210 2052 2268 delectum
2120 2207 2349 2268 faciunt
2416 2208 2551 2267 libri

316 2307 539 2371 abed
602 2308 876 2380 (codices
920 2307 964 2369 b
1008 2321 1067 2369 et
1112 2307 1154 2369 d
1200 2312 1365 2386 quod
1414 2309 1471 2369 in
1518 2330 1693 2369 usum
1739 2321 2011 2368 nostrum
2058 2308 2347 2388 protracti
2394 2322 2550 2376 sunt,

320 2415 649 2471 LANGLETi
710 2409 1025 2488 sagacitati
1072 2410 1413 2480 debemus),
1462 2410 1681 2487 quibus
1727 2431 1917 2488 prope
1964 2412 2266 2470 accedunt
2311 2426 2550 2485 mqsu

318 2511 713 2589 (praesertim
760 2513 956 2571 codex
1002 2526 1065 2570 m
1111 2531 1293 2589 saepe
1341 2532 1477 2571 cum
1522 2509 1590 2586 b,
1620 2528 1662 2587 (1
1693 2523 1895 2570 autem
1928 2532 2065 2570 cum
2096 2529 2132 2570 u
2164 2510 2548 2584 concinunt);

322 2615 397 2673 de
448 2612 776 2672 codicibus
825 2626 876 2690 μ
921 2623 980 2671 et
1024 2627 1065 2671 σ
1110 2614 1484 2672 conferenda
1530 2624 1685 2682 sunt,
1720 2633 1876 2688 quae
1909 2612 2030 2671 alio
2062 2614 2202 2672 loco
2234 2611 2488 2672 disserui
2509 2607 2550 2672 ⁹.

319 2714 597 2792 Longius
644 2713 765 2773 iam
797 2716 1090 2774 recedunt
1120 2735 1155 2773 a
1187 2713 1537 2774 melioribus
1569 2714 1884 2774 codicibus
1916 2712 2053 2774 libri
2083 2712 2130 2773 k
2150 2730 2264 2774 rw
2287 2730 2353 2788 y,
2384 2732 2552 2791 prae·

322 2816 571 2893 cipuum
629 2817 939 2892 quendam
1000 2816 1202 2875 locum
1260 2814 1375 2875 sibi
1428 2814 1698 2875 uindicat
1745 2832 1807 2891 p,
1854 2836 2035 2892 quem
2082 2815 2359 2875 codicem
2406 2815 2551 2875 olim

323 2917 539 2996 Poggii
600 2917 783 2976 fuisse
843 2915 1205 2994 subscriptio
1264 2928 1515 2977 testatur
1578 2917 1825 2994 eiusque
1881 2917 2263 2978 coniecturas
2311 2938 2553 2979 seruare

324 3019 448 3080 ueri
492 3018 694 3079 simile
742 3029 850 3079 est.
901 3020 1283 3097 Magnopere
1315 3018 1583 3094 denique
1615 3018 1962 3096 interpolati
1995 3031 2132 3078 sunt
2164 3019 2298 3079 libri
2329 3020 2413 3097 gl
2435 3023 2555 3093 tv,

325 3121 427 3197 qui
474 3120 839 3198 corruptelis
885 3119 1215 3180 arbitrariis
1260 3131 1511 3189 scatent,
1545 3122 1653 3180 sed
1707 3119 1892 3181 iidem
1945 3142 2069 3181 non
2122 3120 2320 3181 minus
2369 3142 2550 3198 quam

326 3241 545 3280 manus
578 3221 992 3292 correctriceS,
1039 3220 1258 3298 quibus
1290 3220 1640 3299 pertractati
1672 3234 1809 3281 sunt
1839 3220 2086 3281 codices
2114 3220 2158 3282 b
2183 3233 2241 3281 et
2271 3218 2336 3296 d,
2367 3243 2550 3299 saepe

326 3321 846 3400 ingeniosissimas
890 3322 1272 3383 librariorum
1320 3321 1701 3383 coniecturas
1747 3326 2060 3401 praebent.

532 3425 605 3483 Id
650 3436 850 3484 autem
897 3425 956 3484 in
1003 3437 1298 3503 apparatu
1346 3425 1554 3485 critico
1587 3427 1987 3503 conparando
2018 3425 2357 3496 consilium,
2385 3427 2549 3502 quod

330 3527 405 3585 ad
465 3526 632 3585 hunc
689 3526 937 3602 quidem
992 3526 1345 3587 fasciculum
1400 3527 1653 3597 adtinet,
1702 3548 1832 3587 sum
1879 3539 2136 3598 secutuS,
2184 3539 2248 3586 ut
2292 3529 2550 3587 duorum

329 3626 870 3689 uetustissimorum
902 3629 1183 3689 codicum
1210 3629 1623 3689 conlationem
1650 3650 1725 3689 ne
1751 3628 2016 3688 minutiis
2042 3629 2290 3706 quidem
2315 3629 2552 3688 omissis

332 3730 579 3804 plenam
633 3730 843 3789 darem
890 3743 948 3790 et
992 3729 1148 3790 inter
1192 3729 1562 3790 recentiores
1608 3729 1667 3789 in
1709 3730 1916 3808 primis
1947 3730 2135 3790 libros
2173 3728 2391 3791 abed
2421 3729 2549 3790 dili·

334 3841 545 3905 genter
599 3843 957 3891 excuterem.
1046 3833 1140 3891 De
1186 3831 1277 3890 his
1324 3830 1501 3910 igitur
1547 3830 1862 3891 codicibus
1909 3830 2098 3891 sicubi
2146 3831 2204 3891 in
2252 3844 2549 3910 apparatu

545 4044 558 4075 ¹
597 4047 895 4108 Mannum,
932 4048 1203 4097 Lectiones
1238 4048 1575 4111 Musquenses
1599 4048 1634 4107 1,
1661 4047 1797 4109 Lips.
1830 4061 1971 4109 ¹779·
2027 4047 2108 4095 Ad
2134 4056 2360 4098 nostrum
2381 4061 2548 4100 autem

338 4129 509 4178 librum
565 4130 847 4179 Martium
896 4133 1013 4181 nihil
1060 4134 1153 4181 nisi
1197 4134 1391 4182 titulum
1427 4149 1538 4181 cum
1575 4139 1878 4192 argumento
1913 4140 1964 4180 et
2000 4133 2096 4180 tria
2133 4135 2288 4182 uerba
2324 4136 2373 4183 in
2410 4137 2551 4184 initio

338 4213 441 4262 libri
478 4217 735 4264 exstantia
772 4219 1007 4266 seruauit.

539 4296 558 4326 ²
599 4300 720 4347 ‘Ein
757 4299 1331 4363 Columellaexcerptor'
1374 4317 1422 4363 p.
1467 4316 1525 4362 ¹8
1561 4309 1613 4349 et
1656 4315 1713 4362 ¹5
1751 4317 1861 4363 sqq.
