<?xml version="1.0" encoding="UTF-8"?>
<!DOCTYPE html PUBLIC "-//W3C//DTD XHTML 1.0 Transitional//EN"
    "http://www.w3.org/TR/xhtml1/DTD/xhtml1-transitional.dtd">
<html xmlns="http://www.w3.org/1999/xhtml" xml:lang="en" lang="en">
 <head>
  <title>
</title>
<meta http-equiv="Content-Type" content="text/html;charset=utf-8" />
  <meta name='ocr-system' content='tesseract 3.04.00' />
  <meta name='ocr-capabilities' content='ocr_page ocr_carea ocr_par ocr_line ocrx_word'/>
</head>
<body>
  <div class='ocr_page' id='page_1' title='image "./operaquaeexstan00hedbgoog_0212.png"; bbox 0 0 3109 5559; ppageno 0'>
   <div class='ocr_carea' id='block_1_1' title="bbox 0 2145 21 2702">
    <p class='ocr_par' dir='ltr' id='par_1_1' title="bbox 0 2145 21 2702">
     <span class='ocr_line' id='line_1_1' title="bbox 0 2145 21 2702; textangle 90"><span class='ocrx_word' id='word_1_1' title='bbox 0 2691 14 2702; x_wconf 82' lang='grc'><em>“</em></span> <span class='ocrx_word' id='word_1_2' title='bbox 0 2572 19 2613; x_wconf 61' lang='grc' dir='ltr'>ἢ</span> <span class='ocrx_word' id='word_1_3' title='bbox 0 2465 21 2506; x_wconf 61' lang='lat' dir='ltr'><strong>ff</strong></span> <span class='ocrx_word' id='word_1_4' title='bbox 0 2360 20 2401; x_wconf 71' lang='lat'><strong>⁸:</strong></span> <span class='ocrx_word' id='word_1_5' title='bbox 0 2145 18 2292; x_wconf 62' lang='grc' dir='ltr'><strong>Π-ΙΞΙ</strong></span> 
     </span>
    </p>
   </div>
   <div class='ocr_carea' id='block_1_2' title="bbox 29 0 42 107">
    <p class='ocr_par' dir='ltr' id='par_1_2' title="bbox 29 0 42 107">
     <span class='ocr_line' id='line_1_2' title="bbox 29 0 42 107; baseline 0 0"><span class='ocrx_word' id='word_1_6' title='bbox 29 0 42 107; x_wconf 76' lang='grc' dir='ltr'>Ι</span> 
     </span>
    </p>
   </div>
   <div class='ocr_carea' id='block_1_3' title="bbox 21 342 48 409">
    <p class='ocr_par' dir='ltr' id='par_1_3' title="bbox 21 342 48 409">
     <span class='ocr_line' id='line_1_3' title="bbox 21 342 48 409; baseline 0 0"><span class='ocrx_word' id='word_1_7' title='bbox 21 342 48 409; x_wconf 61' lang='lat' dir='ltr'>J</span> 
     </span>
    </p>
   </div>
   <div class='ocr_carea' id='block_1_4' title="bbox 171 489 253 526">
    <p class='ocr_par' dir='ltr' id='par_1_4' title="bbox 171 489 253 526">
     <span class='ocr_line' id='line_1_4' title="bbox 171 489 253 526; baseline 0 0"><span class='ocrx_word' id='word_1_8' title='bbox 171 489 253 526; x_wconf 82' lang='lat'><strong>20</strong></span> 
     </span>
    </p>
   </div>
   <div class='ocr_carea' id='block_1_5' title="bbox 174 1021 246 1070">
    <p class='ocr_par' dir='ltr' id='par_1_5' title="bbox 174 1021 246 1070">
     <span class='ocr_line' id='line_1_5' title="bbox 174 1021 246 1070; baseline 0 0"><span class='ocrx_word' id='word_1_9' title='bbox 174 1021 246 1070; x_wconf 79' lang='lat'><strong>²⁵</strong></span> 
     </span>
    </p>
   </div>
   <div class='ocr_carea' id='block_1_6' title="bbox 62 1548 260 1601">
    <p class='ocr_par' dir='ltr' id='par_1_6' title="bbox 62 1548 260 1601">
     <span class='ocr_line' id='line_1_6' title="bbox 62 1548 260 1601; baseline 0 -28"><span class='ocrx_word' id='word_1_10' title='bbox 62 1548 260 1601; x_wconf 83' lang='lat'><strong>·³0</strong></span> 
     </span>
    </p>
   </div>
   <div class='ocr_carea' id='block_1_7' title="bbox 1503 71 2764 160">
    <p class='ocr_par' dir='ltr' id='par_1_7' title="bbox 1503 71 2764 160">
     <span class='ocr_line' id='line_1_7' title="bbox 1503 71 2764 160; baseline 0.001 -23"><span class='ocrx_word' id='word_1_11' title='bbox 1503 71 1623 138; x_wconf 93' lang='lat' dir='ltr'><strong>Rei</strong></span> <span class='ocrx_word' id='word_1_12' title='bbox 1654 71 1931 138; x_wconf 82' lang='lat' dir='ltr'>rusticae</span> <span class='ocrx_word' id='word_1_13' title='bbox 1960 71 2078 138; x_wconf 92' lang='lat' dir='ltr'><strong>lib.</strong></span> <span class='ocrx_word' id='word_1_14' title='bbox 2115 72 2222 138; x_wconf 94' lang='lat'><strong>111</strong></span> <span class='ocrx_word' id='word_1_15' title='bbox 2253 93 2310 139; x_wconf 92' lang='lat' dir='ltr'><strong>c.</strong></span> <span class='ocrx_word' id='word_1_16' title='bbox 2351 93 2546 139; x_wconf 90' lang='lat'><em>10-11</em></span> <span class='ocrx_word' id='word_1_17' title='bbox 2682 94 2764 160; x_wconf 84' lang='lat'><strong>43</strong></span> 
     </span>
    </p>
   </div>
   <div class='ocr_carea' id='block_1_8' title="bbox 298 246 2773 2465">
    <p class='ocr_par' dir='ltr' id='par_1_8' title="bbox 298 246 2771 1506">
     <span class='ocr_line' id='line_1_8' title="bbox 300 246 2766 335; baseline 0.002 -22"><span class='ocrx_word' id='word_1_18' title='bbox 300 247 554 335; x_wconf 88' lang='lat' dir='ltr'><strong>quibus</strong></span> <span class='ocrx_word' id='word_1_19' title='bbox 589 248 765 315; x_wconf 85' lang='lat' dir='ltr'><strong>ferro</strong></span> <span class='ocrx_word' id='word_1_20' title='bbox 803 246 1026 314; x_wconf 91' lang='lat' dir='ltr'><strong>recisis</strong></span> <span class='ocrx_word' id='word_1_21' title='bbox 1061 263 1128 314; x_wconf 89' lang='lat' dir='ltr'><strong>et</strong></span> <span class='ocrx_word' id='word_1_22' title='bbox 1163 247 1519 334; x_wconf 75' lang='lat' dir='ltr'><strong>extirpatiS‚</strong></span> <span class='ocrx_word' id='word_1_23' title='bbox 1560 270 1816 335; x_wconf 87' lang='lat' dir='ltr'><strong>parum,</strong></span> <span class='ocrx_word' id='word_1_24' title='bbox 1858 248 2042 335; x_wconf 92' lang='lat' dir='ltr'><strong>quod</strong></span> <span class='ocrx_word' id='word_1_25' title='bbox 2079 263 2396 335; x_wconf 52' lang='lat' dir='ltr'><strong>superest,</strong></span> <span class='ocrx_word' id='word_1_26' title='bbox 2438 248 2766 317; x_wconf 89' lang='lat' dir='ltr'><strong>inferioris</strong></span> 
     </span>
     <span class='ocr_line' id='line_1_9' title="bbox 298 353 2763 443; baseline 0.001 -23"><span class='ocrx_word' id='word_1_27' title='bbox 298 353 430 420; x_wconf 87' lang='lat' dir='ltr'><strong>soli</strong></span> <span class='ocrx_word' id='word_1_28' title='bbox 450 354 673 421; x_wconf 90' lang='lat' dir='ltr'><strong>rastris</strong></span> <span class='ocrx_word' id='word_1_29' title='bbox 693 353 846 421; x_wconf 88' lang='lat' dir='ltr'><strong>licet</strong></span> <span class='ocrx_word' id='word_1_30' title='bbox 866 353 1152 421; x_wconf 89' lang='lat' dir='ltr'><strong>effodere</strong></span> <span class='ocrx_word' id='word_1_31' title='bbox 1173 368 1240 421; x_wconf 97' lang='lat' dir='ltr'><strong>et</strong></span> <span class='ocrx_word' id='word_1_32' title='bbox 1260 354 1331 420; x_wconf 90' lang='lat' dir='ltr'><strong>in</strong></span> <span class='ocrx_word' id='word_1_33' title='bbox 1351 354 1755 421; x_wconf 87' lang='lat' dir='ltr'><strong>fermentum</strong></span> <span class='ocrx_word' id='word_1_34' title='bbox 1776 376 2126 442; x_wconf 84' lang='lat' dir='ltr'>congerere</span> <span class='ocrx_word' id='word_1_35' title='bbox 2146 369 2346 442; x_wconf 90' lang='lat' dir='ltr'><strong>atque</strong></span> <span class='ocrx_word' id='word_1_36' title='bbox 2368 378 2763 443; x_wconf 84' lang='lat' dir='ltr'><strong>conponere.</strong></span> 
     </span>
     <span class='ocr_line' id='line_1_10' title="bbox 303 460 2769 547; baseline 0.001 -21"><span class='ocrx_word' id='word_1_37' title='bbox 303 460 363 526; x_wconf 91' lang='lat' dir='ltr'><strong>si</strong></span> <span class='ocrx_word' id='word_1_38' title='bbox 401 475 629 527; x_wconf 89' lang='lat' dir='ltr'><strong>tamen</strong></span> <span class='ocrx_word' id='word_1_39' title='bbox 667 460 852 527; x_wconf 87' lang='lat' dir='ltr'><strong>rudis</strong></span> <span class='ocrx_word' id='word_1_40' title='bbox 888 474 1061 528; x_wconf 89' lang='lat' dir='ltr'><strong>terra</strong></span> <span class='ocrx_word' id='word_1_41' title='bbox 1098 483 1235 527; x_wconf 89' lang='lat' dir='ltr'><strong>non</strong></span> <span class='ocrx_word' id='word_1_42' title='bbox 1272 461 1376 540; x_wconf 89' lang='lat' dir='ltr'><strong>sit,</strong></span> <span class='ocrx_word' id='word_1_43' title='bbox 1419 461 1798 547; x_wconf 86' lang='lat' dir='ltr'><strong>proximum</strong></span> <span class='ocrx_word' id='word_1_44' title='bbox 1836 475 1936 527; x_wconf 90' lang='lat' dir='ltr'><strong>est</strong></span> <span class='ocrx_word' id='word_1_45' title='bbox 1973 483 2262 528; x_wconf 90' lang='lat' dir='ltr'><strong>uacuum</strong></span> <span class='ocrx_word' id='word_1_46' title='bbox 2299 462 2383 529; x_wconf 90' lang='lat' dir='ltr'><strong>ab</strong></span> <span class='ocrx_word' id='word_1_47' title='bbox 2423 462 2769 528; x_wconf 81' lang='lat' dir='ltr'>arboribus</span> 
     </span>
     <span class='ocr_line' id='line_1_11' title="bbox 300 567 2770 648; baseline 0 -15"><span class='ocrx_word' id='word_1_48' title='bbox 300 588 566 647; x_wconf 90' lang='lat' dir='ltr'><strong>aruum,</strong></span> <span class='ocrx_word' id='word_1_49' title='bbox 606 567 664 633; x_wconf 94' lang='lat' dir='ltr'><strong>si</strong></span> <span class='ocrx_word' id='word_1_50' title='bbox 700 590 822 634; x_wconf 88' lang='lat' dir='ltr'><strong>nec</strong></span> <span class='ocrx_word' id='word_1_51' title='bbox 859 568 986 633; x_wconf 92' lang='lat' dir='ltr'><strong>hoc</strong></span> <span class='ocrx_word' id='word_1_52' title='bbox 1023 582 1141 647; x_wconf 61' lang='grc' dir='ltr'><strong>ωε,</strong></span> <span class='ocrx_word' id='word_1_53' title='bbox 1181 567 1588 634; x_wconf 88' lang='lat' dir='ltr'><strong>rarissimum</strong></span> <span class='ocrx_word' id='word_1_54' title='bbox 1625 567 1970 634; x_wconf 90' lang='lat' dir='ltr'><strong>arbustum</strong></span> <span class='ocrx_word' id='word_1_55' title='bbox 2005 568 2114 635; x_wconf 90' lang='lat' dir='ltr'><strong>uel</strong></span> <span class='ocrx_word' id='word_1_56' title='bbox 2151 568 2492 648; x_wconf 90' lang='lat' dir='ltr'><strong>oliuetum,</strong></span> <span class='ocrx_word' id='word_1_57' title='bbox 2531 569 2770 634; x_wconf 90' lang='lat' dir='ltr'><strong>melius</strong></span> 
     </span>
     <span class='ocr_line' id='line_1_12' title="bbox 298 673 2765 760; baseline 0.001 -21"><span class='ocrx_word' id='word_1_58' title='bbox 298 687 531 740; x_wconf 90' lang='lat' dir='ltr'><strong>tamen</strong></span> <span class='ocrx_word' id='word_1_59' title='bbox 560 687 756 740; x_wconf 91' lang='lat' dir='ltr'><strong>uetus</strong></span> <span class='ocrx_word' id='word_1_60' title='bbox 785 673 1126 753; x_wconf 90' lang='lat' dir='ltr'><strong>oliuetum,</strong></span> <span class='ocrx_word' id='word_1_61' title='bbox 1161 674 1345 760; x_wconf 92' lang='lat' dir='ltr'><strong>quod</strong></span> <span class='ocrx_word' id='word_1_62' title='bbox 1375 696 1513 741; x_wconf 96' lang='lat' dir='ltr'><strong>non</strong></span> <span class='ocrx_word' id='word_1_63' title='bbox 1542 673 1742 740; x_wconf 87' lang='lat' dir='ltr'><strong>fuerit</strong></span> <span class='ocrx_word' id='word_1_64' title='bbox 1772 675 2103 754; x_wconf 88' lang='lat' dir='ltr'><strong>maritum,</strong></span> <span class='ocrx_word' id='word_1_65' title='bbox 2137 675 2349 742; x_wconf 89' lang='lat' dir='ltr'><strong>uineis</strong></span> <span class='ocrx_word' id='word_1_66' title='bbox 2380 675 2765 742; x_wconf 90' lang='lat' dir='ltr'><strong>destinatur.</strong></span> 
     </span>
     <span class='ocr_line' id='line_1_13' title="bbox 299 779 2770 862; baseline 0.001 -15"><span class='ocrx_word' id='word_1_67' title='bbox 299 800 345 862; x_wconf 80' lang='lat'><em>4</em></span> <span class='ocrx_word' id='word_1_68' title='bbox 391 780 629 847; x_wconf 90' lang='lat' dir='ltr'><strong>ultima</strong></span> <span class='ocrx_word' id='word_1_69' title='bbox 667 794 787 859; x_wconf 53' lang='lat' dir='ltr'><strong>est,</strong></span> <span class='ocrx_word' id='word_1_70' title='bbox 829 795 907 847; x_wconf 93' lang='lat' dir='ltr'><strong>ut</strong></span> <span class='ocrx_word' id='word_1_71' title='bbox 947 779 1104 860; x_wconf 79' lang='lat' dir='ltr'><strong>dixi,</strong></span> <span class='ocrx_word' id='word_1_72' title='bbox 1147 780 1440 847; x_wconf 84' lang='lat' dir='ltr'><strong>conditio</strong></span> <span class='ocrx_word' id='word_1_73' title='bbox 1481 780 1790 847; x_wconf 78' lang='lat' dir='ltr'><strong>restibilis</strong></span> <span class='ocrx_word' id='word_1_74' title='bbox 1829 781 2082 861; x_wconf 89' lang='lat' dir='ltr'><strong>uineae;</strong></span> <span class='ocrx_word' id='word_1_75' title='bbox 2125 803 2281 847; x_wconf 90' lang='lat' dir='ltr'><strong>nam</strong></span> <span class='ocrx_word' id='word_1_76' title='bbox 2321 782 2377 847; x_wconf 91' lang='lat' dir='ltr'><strong>si</strong></span> <span class='ocrx_word' id='word_1_77' title='bbox 2418 782 2770 849; x_wconf 77' lang='lat' dir='ltr'><strong>necessitas</strong></span> 
     </span>
     <span class='ocr_line' id='line_1_14' title="bbox 299 886 2766 974; baseline 0.001 -22"><span class='ocrx_word' id='word_1_78' title='bbox 299 887 523 953; x_wconf 83' lang='lat' dir='ltr'><strong>facere</strong></span> <span class='ocrx_word' id='word_1_79' title='bbox 575 887 768 974; x_wconf 88' lang='lat' dir='ltr'><strong>cogit,</strong></span> <span class='ocrx_word' id='word_1_80' title='bbox 822 887 1027 974; x_wconf 89' lang='lat' dir='ltr'><strong>prius,</strong></span> <span class='ocrx_word' id='word_1_81' title='bbox 1082 886 1412 973; x_wconf 91' lang='lat' dir='ltr'><strong>quidquid</strong></span> <span class='ocrx_word' id='word_1_82' title='bbox 1462 901 1563 953; x_wconf 91' lang='lat' dir='ltr'><strong>est</strong></span> <span class='ocrx_word' id='word_1_83' title='bbox 1613 886 1910 954; x_wconf 84' lang='lat' dir='ltr'><strong>residuae</strong></span> <span class='ocrx_word' id='word_1_84' title='bbox 1961 888 2135 967; x_wconf 90' lang='lat' dir='ltr'><strong>uitis,</strong></span> <span class='ocrx_word' id='word_1_85' title='bbox 2188 887 2496 973; x_wconf 88' lang='lat' dir='ltr'><strong>extirpari</strong></span> <span class='ocrx_word' id='word_1_86' title='bbox 2548 888 2766 968; x_wconf 90' lang='lat' dir='ltr'><strong>debet,</strong></span> 
     </span>
     <span class='ocr_line' id='line_1_15' title="bbox 299 991 2771 1080; baseline 0.001 -23"><span class='ocrx_word' id='word_1_87' title='bbox 299 993 551 1059; x_wconf 90' lang='lat' dir='ltr'><strong>deinde</strong></span> <span class='ocrx_word' id='word_1_88' title='bbox 588 1006 806 1059; x_wconf 90' lang='lat' dir='ltr'><strong>totum</strong></span> <span class='ocrx_word' id='word_1_89' title='bbox 843 993 1063 1059; x_wconf 90' lang='lat' dir='ltr'><strong>solum</strong></span> <span class='ocrx_word' id='word_1_90' title='bbox 1099 993 1274 1059; x_wconf 88' lang='lat' dir='ltr'><strong>sicco</strong></span> <span class='ocrx_word' id='word_1_91' title='bbox 1312 992 1472 1059; x_wconf 89' lang='lat' dir='ltr'><strong>fimo</strong></span> <span class='ocrx_word' id='word_1_92' title='bbox 1511 1007 1645 1072; x_wconf 89' lang='lat' dir='ltr'><strong>aut,</strong></span> <span class='ocrx_word' id='word_1_93' title='bbox 1687 991 1745 1058; x_wconf 90' lang='lat' dir='ltr'><strong>si</strong></span> <span class='ocrx_word' id='word_1_94' title='bbox 1781 992 1852 1059; x_wconf 94' lang='lat' dir='ltr'><strong>id</strong></span> <span class='ocrx_word' id='word_1_95' title='bbox 1891 1015 2028 1060; x_wconf 89' lang='lat' dir='ltr'><strong>non</strong></span> <span class='ocrx_word' id='word_1_96' title='bbox 2064 994 2169 1072; x_wconf 88' lang='lat' dir='ltr'><strong>sit,</strong></span> <span class='ocrx_word' id='word_1_97' title='bbox 2211 993 2476 1060; x_wconf 89' lang='lat' dir='ltr'><strong>alterius</strong></span> <span class='ocrx_word' id='word_1_98' title='bbox 2513 993 2771 1080; x_wconf 89' lang='lat' dir='ltr'><strong>generis</strong></span> 
     </span>
     <span class='ocr_line' id='line_1_16' title="bbox 299 1099 2769 1186; baseline 0.001 -22"><span class='ocrx_word' id='word_1_99' title='bbox 299 1120 514 1186; x_wconf 89' lang='lat' dir='ltr'><strong>quam</strong></span> <span class='ocrx_word' id='word_1_100' title='bbox 559 1099 1007 1166; x_wconf 89' lang='lat' dir='ltr'><strong>recentissimo</strong></span> <span class='ocrx_word' id='word_1_101' title='bbox 1052 1100 1393 1166; x_wconf 81' lang='lat' dir='ltr'><strong>stercorari</strong></span> <span class='ocrx_word' id='word_1_102' title='bbox 1438 1113 1638 1186; x_wconf 89' lang='lat' dir='ltr'><strong>atque</strong></span> <span class='ocrx_word' id='word_1_103' title='bbox 1684 1099 1776 1166; x_wconf 88' lang='lat' dir='ltr'><strong>ita</strong></span> <span class='ocrx_word' id='word_1_104' title='bbox 1818 1099 2116 1166; x_wconf 87' lang='lat' dir='ltr'><strong>conuerti</strong></span> <span class='ocrx_word' id='word_1_105' title='bbox 2160 1114 2228 1165; x_wconf 90' lang='lat' dir='ltr'><strong>et</strong></span> <span class='ocrx_word' id='word_1_106' title='bbox 2273 1100 2769 1186; x_wconf 85' lang='lat' dir='ltr'><strong>diligentissime</strong></span> 
     </span>
     <span class='ocr_line' id='line_1_17' title="bbox 300 1205 2771 1293; baseline 0.001 -22"><span class='ocrx_word' id='word_1_107' title='bbox 300 1205 595 1272; x_wconf 78' lang='lat' dir='ltr'><strong>refossae</strong></span> <span class='ocrx_word' id='word_1_108' title='bbox 646 1228 878 1272; x_wconf 90' lang='lat' dir='ltr'><strong>omnes</strong></span> <span class='ocrx_word' id='word_1_109' title='bbox 927 1206 1178 1273; x_wconf 85' lang='lat' dir='ltr'><strong>radices</strong></span> <span class='ocrx_word' id='word_1_110' title='bbox 1228 1206 1298 1272; x_wconf 91' lang='lat' dir='ltr'><strong>in</strong></span> <span class='ocrx_word' id='word_1_111' title='bbox 1348 1228 1689 1272; x_wconf 90' lang='lat' dir='ltr'><strong>summum</strong></span> <span class='ocrx_word' id='word_1_112' title='bbox 1740 1206 1948 1292; x_wconf 89' lang='lat' dir='ltr'><strong>regeri</strong></span> <span class='ocrx_word' id='word_1_113' title='bbox 1999 1220 2195 1293; x_wconf 89' lang='lat' dir='ltr'><strong>atque</strong></span> <span class='ocrx_word' id='word_1_114' title='bbox 2246 1206 2568 1286; x_wconf 88' lang='lat' dir='ltr'><strong>comburi,</strong></span> <span class='ocrx_word' id='word_1_115' title='bbox 2622 1221 2771 1273; x_wconf 92' lang='lat' dir='ltr'><strong>tum</strong></span> 
     </span>
     <span class='ocr_line' id='line_1_18' title="bbox 298 1311 2771 1400; baseline 0 -22"><span class='ocrx_word' id='word_1_116' title='bbox 298 1334 537 1378; x_wconf 89' lang='lat' dir='ltr'><strong>rursus</strong></span> <span class='ocrx_word' id='word_1_117' title='bbox 564 1312 673 1378; x_wconf 90' lang='lat' dir='ltr'><strong>uel</strong></span> <span class='ocrx_word' id='word_1_118' title='bbox 701 1326 984 1379; x_wconf 87' lang='lat' dir='ltr'><strong>stercore</strong></span> <span class='ocrx_word' id='word_1_119' title='bbox 1012 1326 1298 1393; x_wconf 89' lang='lat' dir='ltr'><strong>uetusto,</strong></span> <span class='ocrx_word' id='word_1_120' title='bbox 1332 1312 1487 1400; x_wconf 89' lang='lat' dir='ltr'><strong>quia</strong></span> <span class='ocrx_word' id='word_1_121' title='bbox 1514 1335 1653 1379; x_wconf 96' lang='lat' dir='ltr'><strong>non</strong></span> <span class='ocrx_word' id='word_1_122' title='bbox 1680 1311 1889 1399; x_wconf 85' lang='lat' dir='ltr'><strong>gignit</strong></span> <span class='ocrx_word' id='word_1_123' title='bbox 1916 1312 2172 1392; x_wconf 89' lang='lat' dir='ltr'><strong>herbas,</strong></span> <span class='ocrx_word' id='word_1_124' title='bbox 2205 1313 2312 1378; x_wconf 89' lang='lat' dir='ltr'><strong>uel</strong></span> <span class='ocrx_word' id='word_1_125' title='bbox 2342 1313 2425 1380; x_wconf 94' lang='lat' dir='ltr'><strong>de</strong></span> <span class='ocrx_word' id='word_1_126' title='bbox 2454 1313 2771 1400; x_wconf 91' lang='lat' dir='ltr'><strong>uepribus</strong></span> 
     </span>
     <span class='ocr_line' id='line_1_19' title="bbox 300 1418 1714 1506; baseline 0.001 -21"><span class='ocrx_word' id='word_1_127' title='bbox 300 1432 531 1505; x_wconf 81' lang='lat' dir='ltr'><strong>egesta</strong></span> <span class='ocrx_word' id='word_1_128' title='bbox 559 1419 765 1486; x_wconf 91' lang='lat' dir='ltr'><strong>humo</strong></span> <span class='ocrx_word' id='word_1_129' title='bbox 796 1418 1199 1506; x_wconf 89' lang='lat' dir='ltr'><strong>pastinatum</strong></span> <span class='ocrx_word' id='word_1_130' title='bbox 1228 1420 1402 1506; x_wconf 89' lang='lat' dir='ltr'><strong>large</strong></span> <span class='ocrx_word' id='word_1_131' title='bbox 1434 1418 1714 1505; x_wconf 88' lang='lat' dir='ltr'><strong>contegi.</strong></span> 
     </span>
    </p>

    <p class='ocr_par' dir='ltr' id='par_1_9' title="bbox 300 1525 2773 2465">
     <span class='ocr_line' id='line_1_20' title="bbox 392 1525 2771 1612; baseline 0 -21"><span class='ocrx_word' id='word_1_132' title='bbox 392 1544 439 1608; x_wconf 85' lang='lat'>5</span> <span class='ocrx_word' id='word_1_133' title='bbox 477 1526 570 1592; x_wconf 84' lang='lat' dir='ltr'><strong>At</strong></span> <span class='ocrx_word' id='word_1_134' title='bbox 595 1525 711 1592; x_wconf 92' lang='lat' dir='ltr'><strong>ubi</strong></span> <span class='ocrx_word' id='word_1_135' title='bbox 736 1548 903 1612; x_wconf 90' lang='lat' dir='ltr'><strong>pura</strong></span> <span class='ocrx_word' id='word_1_136' title='bbox 927 1526 1187 1592; x_wconf 84' lang='lat' dir='ltr'><strong>nonalia</strong></span> <span class='ocrx_word' id='word_1_137' title='bbox 1211 1540 1276 1593; x_wconf 90' lang='lat' dir='ltr'><strong>et</strong></span> <span class='ocrx_word' id='word_1_138' title='bbox 1302 1525 1385 1592; x_wconf 90' lang='lat' dir='ltr'><strong>ab</strong></span> <span class='ocrx_word' id='word_1_139' title='bbox 1410 1525 1759 1592; x_wconf 86' lang='lat' dir='ltr'><strong>arboribus</strong></span> <span class='ocrx_word' id='word_1_140' title='bbox 1783 1540 1940 1593; x_wconf 90' lang='lat' dir='ltr'><strong>sunt</strong></span> <span class='ocrx_word' id='word_1_141' title='bbox 1963 1526 2186 1606; x_wconf 87' lang='lat' dir='ltr'><strong>libera,</strong></span> <span class='ocrx_word' id='word_1_142' title='bbox 2214 1526 2771 1593; x_wconf 88' lang='lat' dir='ltr'><strong>considerandum</strong></span> 
     </span>
     <span class='ocr_line' id='line_1_21' title="bbox 301 1632 2770 1720; baseline 0 -22"><span class='ocrx_word' id='word_1_143' title='bbox 301 1646 426 1711; x_wconf 87' lang='lat' dir='ltr'><strong>est,</strong></span> <span class='ocrx_word' id='word_1_144' title='bbox 454 1646 814 1719; x_wconf 89' lang='lat' dir='ltr'><strong>antequam</strong></span> <span class='ocrx_word' id='word_1_145' title='bbox 838 1632 1265 1719; x_wconf 87' lang='lat' dir='ltr'><strong>pastinemus‚</strong></span> <span class='ocrx_word' id='word_1_146' title='bbox 1294 1632 1646 1699; x_wconf 90' lang='lat' dir='ltr'><strong>surcularis</strong></span> <span class='ocrx_word' id='word_1_147' title='bbox 1673 1654 1880 1699; x_wconf 90' lang='lat' dir='ltr'><strong>necne</strong></span> <span class='ocrx_word' id='word_1_148' title='bbox 1906 1633 1991 1699; x_wconf 91' lang='lat' dir='ltr'><strong>sit</strong></span> <span class='ocrx_word' id='word_1_149' title='bbox 2015 1647 2206 1713; x_wconf 79' lang='lat' dir='ltr'><strong>terra3</strong></span> <span class='ocrx_word' id='word_1_150' title='bbox 2234 1633 2436 1720; x_wconf 90' lang='lat' dir='ltr'><strong>idque</strong></span> <span class='ocrx_word' id='word_1_151' title='bbox 2462 1633 2770 1699; x_wconf 87' lang='lat' dir='ltr'><strong>facillime</strong></span> 
     </span>
     <span class='ocr_line' id='line_1_22' title="bbox 301 1738 2772 1826; baseline 0 -22"><span class='ocrx_word' id='word_1_152' title='bbox 301 1738 686 1825; x_wconf 82' lang='lat' dir='ltr'><strong>exploratur</strong></span> <span class='ocrx_word' id='word_1_153' title='bbox 714 1761 833 1826; x_wconf 91' lang='lat' dir='ltr'><strong>per</strong></span> <span class='ocrx_word' id='word_1_154' title='bbox 859 1739 1117 1826; x_wconf 53' lang='lat' dir='ltr'><strong>stirpes,</strong></span> <span class='ocrx_word' id='word_1_155' title='bbox 1151 1762 1318 1826; x_wconf 88' lang='lat' dir='ltr'><strong>quae</strong></span> <span class='ocrx_word' id='word_1_156' title='bbox 1348 1762 1467 1805; x_wconf 90' lang='lat' dir='ltr'><strong>sua</strong></span> <span class='ocrx_word' id='word_1_157' title='bbox 1495 1753 1733 1826; x_wconf 90' lang='lat' dir='ltr'><strong>sponte</strong></span> <span class='ocrx_word' id='word_1_158' title='bbox 1764 1739 2183 1826; x_wconf 91' lang='lat' dir='ltr'><strong>proueniunt.</strong></span> <span class='ocrx_word' id='word_1_159' title='bbox 2218 1762 2434 1826; x_wconf 90' lang='lat' dir='ltr'><strong>neque</strong></span> <span class='ocrx_word' id='word_1_160' title='bbox 2464 1739 2643 1805; x_wconf 90' lang='lat' dir='ltr'><strong>enim</strong></span> <span class='ocrx_word' id='word_1_161' title='bbox 2672 1754 2772 1805; x_wconf 90' lang='lat' dir='ltr'><strong>est</strong></span> 
     </span>
     <span class='ocr_line' id='line_1_23' title="bbox 300 1845 2770 1933; baseline 0 -22"><span class='ocrx_word' id='word_1_162' title='bbox 300 1845 524 1912; x_wconf 91' lang='lat' dir='ltr'><strong>ullum</strong></span> <span class='ocrx_word' id='word_1_163' title='bbox 553 1860 690 1912; x_wconf 90' lang='lat' dir='ltr'><strong>tam</strong></span> <span class='ocrx_word' id='word_1_164' title='bbox 722 1845 1006 1912; x_wconf 91' lang='lat' dir='ltr'><strong>uiduum</strong></span> <span class='ocrx_word' id='word_1_165' title='bbox 1036 1845 1254 1912; x_wconf 90' lang='lat' dir='ltr'><strong>solum</strong></span> <span class='ocrx_word' id='word_1_166' title='bbox 1285 1846 1610 1932; x_wconf 84' lang='lat' dir='ltr'><strong>uirgultis,</strong></span> <span class='ocrx_word' id='word_1_167' title='bbox 1645 1861 1721 1912; x_wconf 93' lang='lat' dir='ltr'><strong>ut</strong></span> <span class='ocrx_word' id='word_1_168' title='bbox 1752 1869 1889 1913; x_wconf 96' lang='lat' dir='ltr'><strong>non</strong></span> <span class='ocrx_word' id='word_1_169' title='bbox 1921 1846 2176 1932; x_wconf 87' lang='lat' dir='ltr'><strong>aliquos</strong></span> <span class='ocrx_word' id='word_1_170' title='bbox 2206 1846 2504 1912; x_wconf 89' lang='lat' dir='ltr'><strong>surculos</strong></span> <span class='ocrx_word' id='word_1_171' title='bbox 2535 1868 2770 1933; x_wconf 89' lang='lat' dir='ltr'><strong>proge-</strong></span> 
     </span>
     <span class='ocr_line' id='line_1_24' title="bbox 301 1951 2771 2039; baseline 0 -22"><span class='ocrx_word' id='word_1_172' title='bbox 301 1965 514 2031; x_wconf 86' lang='lat' dir='ltr'><strong>neret,</strong></span> <span class='ocrx_word' id='word_1_173' title='bbox 544 1966 886 2039; x_wconf 89' lang='lat' dir='ltr'><strong>tamquam</strong></span> <span class='ocrx_word' id='word_1_174' title='bbox 914 1953 1093 2039; x_wconf 90' lang='lat' dir='ltr'><strong>piros</strong></span> <span class='ocrx_word' id='word_1_175' title='bbox 1120 1953 1437 2019; x_wconf 86' lang='lat' dir='ltr'><strong>siluestris</strong></span> <span class='ocrx_word' id='word_1_176' title='bbox 1463 1967 1531 2019; x_wconf 90' lang='lat' dir='ltr'><strong>et</strong></span> <span class='ocrx_word' id='word_1_177' title='bbox 1557 1975 1810 2039; x_wconf 88' lang='lat' dir='ltr'><strong>prunos</strong></span> <span class='ocrx_word' id='word_1_178' title='bbox 1837 1953 1944 2019; x_wconf 97' lang='lat' dir='ltr'><strong>uel</strong></span> <span class='ocrx_word' id='word_1_179' title='bbox 1973 1952 2175 2018; x_wconf 89' lang='lat' dir='ltr'><strong>rubos</strong></span> <span class='ocrx_word' id='word_1_180' title='bbox 2204 1968 2396 2019; x_wconf 90' lang='lat' dir='ltr'><strong>certe.</strong></span> <span class='ocrx_word' id='word_1_181' title='bbox 2428 1975 2584 2019; x_wconf 90' lang='lat' dir='ltr'><strong>nam</strong></span> <span class='ocrx_word' id='word_1_182' title='bbox 2611 1951 2771 2018; x_wconf 86' lang='lat' dir='ltr'><strong>haec</strong></span> 
     </span>
     <span class='ocr_line' id='line_1_25' title="bbox 300 2058 2773 2145; baseline 0 -22"><span class='ocrx_word' id='word_1_183' title='bbox 300 2058 617 2145; x_wconf 88' lang='lat' dir='ltr'><strong>quamuis</strong></span> <span class='ocrx_word' id='word_1_184' title='bbox 638 2080 877 2144; x_wconf 88' lang='lat' dir='ltr'><strong>genera</strong></span> <span class='ocrx_word' id='word_1_185' title='bbox 897 2059 1238 2145; x_wconf 88' lang='lat' dir='ltr'><strong>spinarum</strong></span> <span class='ocrx_word' id='word_1_186' title='bbox 1261 2059 1413 2138; x_wconf 90' lang='lat' dir='ltr'><strong>sint,</strong></span> <span class='ocrx_word' id='word_1_187' title='bbox 1440 2059 1655 2125; x_wconf 88' lang='lat' dir='ltr'><strong>solent</strong></span> <span class='ocrx_word' id='word_1_188' title='bbox 1675 2073 1898 2125; x_wconf 90' lang='lat' dir='ltr'><strong>tamen</strong></span> <span class='ocrx_word' id='word_1_189' title='bbox 1920 2058 2116 2126; x_wconf 86' lang='lat' dir='ltr'><strong>fortia</strong></span> <span class='ocrx_word' id='word_1_190' title='bbox 2138 2072 2204 2126; x_wconf 89' lang='lat' dir='ltr'><strong>et</strong></span> <span class='ocrx_word' id='word_1_191' title='bbox 2225 2058 2392 2125; x_wconf 89' lang='lat' dir='ltr'><strong>laeta</strong></span> <span class='ocrx_word' id='word_1_192' title='bbox 2414 2073 2480 2126; x_wconf 89' lang='lat' dir='ltr'><strong>et</strong></span> <span class='ocrx_word' id='word_1_193' title='bbox 2501 2058 2773 2145; x_wconf 88' lang='lat' dir='ltr'><strong>grauida</strong></span> 
     </span>
     <span class='ocr_line' id='line_1_26' title="bbox 300 2164 2773 2252; baseline 0.001 -22"><span class='ocrx_word' id='word_1_194' title='bbox 300 2164 532 2230; x_wconf 82' lang='lat' dir='ltr'><strong>fructu</strong></span> <span class='ocrx_word' id='word_1_195' title='bbox 557 2186 968 2251; x_wconf 87' lang='lat' dir='ltr'><strong>consurgere.</strong></span> <span class='ocrx_word' id='word_1_196' title='bbox 1062 2167 1106 2228; x_wconf 85' lang='lat'><em>6</em></span> <span class='ocrx_word' id='word_1_197' title='bbox 1145 2165 1363 2252; x_wconf 91' lang='lat' dir='ltr'><strong>igitur,</strong></span> <span class='ocrx_word' id='word_1_198' title='bbox 1391 2165 1447 2231; x_wconf 90' lang='lat' dir='ltr'><strong>si</strong></span> <span class='ocrx_word' id='word_1_199' title='bbox 1472 2188 1610 2232; x_wconf 89' lang='lat' dir='ltr'><strong>non</strong></span> <span class='ocrx_word' id='word_1_200' title='bbox 1633 2165 1953 2232; x_wconf 89' lang='lat' dir='ltr'><strong>retorrida</strong></span> <span class='ocrx_word' id='word_1_201' title='bbox 1975 2187 2097 2232; x_wconf 88' lang='lat' dir='ltr'><strong>nec</strong></span> <span class='ocrx_word' id='word_1_202' title='bbox 2121 2165 2348 2231; x_wconf 88' lang='lat' dir='ltr'><strong>scabra</strong></span> <span class='ocrx_word' id='word_1_203' title='bbox 2371 2165 2488 2231; x_wconf 88' lang='lat' dir='ltr'><strong>sed</strong></span> <span class='ocrx_word' id='word_1_204' title='bbox 2513 2165 2686 2232; x_wconf 90' lang='lat' dir='ltr'><strong>leuia</strong></span> <span class='ocrx_word' id='word_1_205' title='bbox 2707 2179 2773 2232; x_wconf 89' lang='lat' dir='ltr'><strong>et</strong></span> 
     </span>
     <span class='ocr_line' id='line_1_27' title="bbox 303 2270 2772 2358; baseline 0 -21"><span class='ocrx_word' id='word_1_206' title='bbox 303 2270 519 2337; x_wconf 88' lang='lat' dir='ltr'><strong>nitida</strong></span> <span class='ocrx_word' id='word_1_207' title='bbox 575 2285 643 2337; x_wconf 90' lang='lat' dir='ltr'><strong>et</strong></span> <span class='ocrx_word' id='word_1_208' title='bbox 698 2271 951 2358; x_wconf 84' lang='lat' dir='ltr'><strong>prolixa</strong></span> <span class='ocrx_word' id='word_1_209' title='bbox 1006 2271 1424 2358; x_wconf 87' lang='lat' dir='ltr'><strong>fecundaque</strong></span> <span class='ocrx_word' id='word_1_210' title='bbox 1483 2271 1867 2351; x_wconf 88' lang='lat' dir='ltr'><strong>uiderimus,</strong></span> <span class='ocrx_word' id='word_1_211' title='bbox 1929 2293 2075 2338; x_wconf 88' lang='lat' dir='ltr'><strong>eam</strong></span> <span class='ocrx_word' id='word_1_212' title='bbox 2132 2272 2573 2358; x_wconf 87' lang='lat' dir='ltr'><strong>intellegimus</strong></span> <span class='ocrx_word' id='word_1_213' title='bbox 2630 2293 2772 2338; x_wconf 89' lang='lat' dir='ltr'><strong>esse</strong></span> 
     </span>
     <span class='ocr_line' id='line_1_28' title="bbox 301 2378 2773 2465; baseline 0 -22"><span class='ocrx_word' id='word_1_214' title='bbox 301 2390 552 2444; x_wconf 88' lang='lat' dir='ltr'><strong>terram</strong></span> <span class='ocrx_word' id='word_1_215' title='bbox 575 2378 996 2444; x_wconf 88' lang='lat' dir='ltr'><strong>surcularem.</strong></span> <span class='ocrx_word' id='word_1_216' title='bbox 1024 2378 1143 2445; x_wconf 88' lang='lat' dir='ltr'><strong>sed</strong></span> <span class='ocrx_word' id='word_1_217' title='bbox 1166 2379 1295 2445; x_wconf 91' lang='lat' dir='ltr'><strong>hoc</strong></span> <span class='ocrx_word' id='word_1_218' title='bbox 1319 2379 1388 2444; x_wconf 91' lang='lat' dir='ltr'><strong>in</strong></span> <span class='ocrx_word' id='word_1_219' title='bbox 1412 2391 1631 2444; x_wconf 90' lang='lat' dir='ltr'><strong>totum</strong></span> <span class='ocrx_word' id='word_1_220' title='bbox 1654 2378 1740 2444; x_wconf 91' lang='lat' dir='ltr'><strong>ad</strong></span> <span class='ocrx_word' id='word_1_221' title='bbox 1764 2378 1949 2458; x_wconf 89' lang='lat' dir='ltr'><strong>illud,</strong></span> <span class='ocrx_word' id='word_1_222' title='bbox 1978 2378 2161 2464; x_wconf 94' lang='lat' dir='ltr'><strong>quod</strong></span> <span class='ocrx_word' id='word_1_223' title='bbox 2186 2379 2398 2445; x_wconf 89' lang='lat' dir='ltr'><strong>uineis</strong></span> <span class='ocrx_word' id='word_1_224' title='bbox 2423 2379 2773 2465; x_wconf 90' lang='lat' dir='ltr'><strong>praecipue</strong></span> 
     </span>
    </p>
   </div>
   <div class='ocr_carea' id='block_1_9' title="bbox 209 2483 2774 2571">
    <p class='ocr_par' dir='ltr' id='par_1_10' title="bbox 209 2483 2774 2571">
     <span class='ocr_line' id='line_1_29' title="bbox 209 2483 2774 2571; baseline 0 -21"><span class='ocrx_word' id='word_1_225' title='bbox 209 2516 220 2523; x_wconf 84' lang='lat'><strong>·</strong></span> <span class='ocrx_word' id='word_1_226' title='bbox 304 2498 407 2550; x_wconf 69' lang='lat' dir='ltr'><strong>oet</strong></span> <span class='ocrx_word' id='word_1_227' title='bbox 442 2484 780 2563; x_wconf 89' lang='lat' dir='ltr'><strong>idoneum,</strong></span> <span class='ocrx_word' id='word_1_228' title='bbox 819 2485 1084 2571; x_wconf 92' lang='lat' dir='ltr'><strong>proprie</strong></span> <span class='ocrx_word' id='word_1_229' title='bbox 1118 2483 1695 2564; x_wconf 87' lang='lat' dir='ltr'><strong>considerandum,</strong></span> <span class='ocrx_word' id='word_1_230' title='bbox 1733 2499 1808 2551; x_wconf 92' lang='lat' dir='ltr'><strong>ut</strong></span> <span class='ocrx_word' id='word_1_231' title='bbox 1843 2485 2027 2571; x_wconf 92' lang='lat' dir='ltr'><strong>prius</strong></span> <span class='ocrx_word' id='word_1_232' title='bbox 2061 2484 2303 2563; x_wconf 87' lang='lat' dir='ltr'><strong>rettuli,</strong></span> <span class='ocrx_word' id='word_1_233' title='bbox 2341 2485 2398 2551; x_wconf 95' lang='lat' dir='ltr'><strong>si</strong></span> <span class='ocrx_word' id='word_1_234' title='bbox 2431 2484 2640 2551; x_wconf 87' lang='lat' dir='ltr'><strong>facilis</strong></span> <span class='ocrx_word' id='word_1_235' title='bbox 2674 2498 2774 2550; x_wconf 90' lang='lat' dir='ltr'><strong>est</strong></span> 
     </span>
    </p>
   </div>
   <div class='ocr_carea' id='block_1_10' title="bbox 182 3151 254 3200">
    <p class='ocr_par' dir='ltr' id='par_1_11' title="bbox 182 3151 254 3200">
     <span class='ocr_line' id='line_1_30' title="bbox 182 3151 254 3200; baseline 0.028 -2"><span class='ocrx_word' id='word_1_236' title='bbox 182 3151 254 3200; x_wconf 78' lang='lat'><strong>45</strong></span> 
     </span>
    </p>
   </div>
   <div class='ocr_carea' id='block_1_11' title="bbox 299 2589 2775 3317">
    <p class='ocr_par' dir='ltr' id='par_1_12' title="bbox 304 2589 2774 2784">
     <span class='ocr_line' id='line_1_31' title="bbox 304 2589 2774 2678; baseline 0.001 -24"><span class='ocrx_word' id='word_1_237' title='bbox 304 2589 556 2655; x_wconf 90' lang='lat' dir='ltr'><strong>humus</strong></span> <span class='ocrx_word' id='word_1_238' title='bbox 586 2604 650 2657; x_wconf 87' lang='lat' dir='ltr'><strong>et</strong></span> <span class='ocrx_word' id='word_1_239' title='bbox 680 2590 940 2657; x_wconf 90' lang='lat' dir='ltr'><strong>modice</strong></span> <span class='ocrx_word' id='word_1_240' title='bbox 971 2591 1274 2670; x_wconf 52' lang='lat' dir='ltr'><strong>resoluta,</strong></span> <span class='ocrx_word' id='word_1_241' title='bbox 1309 2612 1511 2677; x_wconf 88' lang='lat' dir='ltr'><strong>quam</strong></span> <span class='ocrx_word' id='word_1_242' title='bbox 1543 2591 1827 2657; x_wconf 88' lang='lat' dir='ltr'><strong>dicimus</strong></span> <span class='ocrx_word' id='word_1_243' title='bbox 1857 2591 2107 2677; x_wconf 89' lang='lat' dir='ltr'><strong>pullam</strong></span> <span class='ocrx_word' id='word_1_244' title='bbox 2137 2591 2430 2670; x_wconf 82' lang='lat' dir='ltr'><strong>uocitati,</strong></span> <span class='ocrx_word' id='word_1_245' title='bbox 2465 2612 2588 2657; x_wconf 90' lang='lat' dir='ltr'><strong>nec</strong></span> <span class='ocrx_word' id='word_1_246' title='bbox 2618 2591 2774 2678; x_wconf 92' lang='lat' dir='ltr'><strong>quia</strong></span> 
     </span>
     <span class='ocr_line' id='line_1_32' title="bbox 304 2696 1897 2784; baseline 0.001 -23"><span class='ocrx_word' id='word_1_247' title='bbox 304 2696 446 2762; x_wconf 89' lang='lat' dir='ltr'><strong>sola</strong></span> <span class='ocrx_word' id='word_1_248' title='bbox 476 2718 573 2777; x_wconf 87' lang='lat' dir='ltr'><strong>ea,</strong></span> <span class='ocrx_word' id='word_1_249' title='bbox 606 2697 723 2763; x_wconf 89' lang='lat' dir='ltr'><strong>sed</strong></span> <span class='ocrx_word' id='word_1_250' title='bbox 755 2698 912 2784; x_wconf 91' lang='lat' dir='ltr'><strong>quia</strong></span> <span class='ocrx_word' id='word_1_251' title='bbox 941 2699 1026 2764; x_wconf 89' lang='lat' dir='ltr'><strong>sit</strong></span> <span class='ocrx_word' id='word_1_252' title='bbox 1055 2696 1292 2763; x_wconf 90' lang='lat' dir='ltr'><strong>habilis</strong></span> <span class='ocrx_word' id='word_1_253' title='bbox 1322 2697 1607 2764; x_wconf 86' lang='lat' dir='ltr'><strong>maxime</strong></span> <span class='ocrx_word' id='word_1_254' title='bbox 1636 2698 1897 2764; x_wconf 90' lang='lat' dir='ltr'><strong>uinetis.</strong></span> 
     </span>
    </p>

    <p class='ocr_par' dir='ltr' id='par_1_13' title="bbox 299 2803 2775 3317">
     <span class='ocr_line' id='line_1_33' title="bbox 394 2803 2774 2889; baseline 0 -20"><span class='ocrx_word' id='word_1_255' title='bbox 394 2822 437 2886; x_wconf 94' lang='lat'><em>7</em></span> <span class='ocrx_word' id='word_1_256' title='bbox 483 2803 653 2879; x_wconf 89' lang='lat' dir='ltr'><strong>Quis</strong></span> <span class='ocrx_word' id='word_1_257' title='bbox 697 2803 877 2870; x_wconf 90' lang='lat' dir='ltr'><strong>enim</strong></span> <span class='ocrx_word' id='word_1_258' title='bbox 924 2803 1031 2870; x_wconf 90' lang='lat' dir='ltr'><strong>uel</strong></span> <span class='ocrx_word' id='word_1_259' title='bbox 1079 2803 1430 2870; x_wconf 90' lang='lat' dir='ltr'><strong>mediocris</strong></span> <span class='ocrx_word' id='word_1_260' title='bbox 1476 2803 1760 2889; x_wconf 89' lang='lat' dir='ltr'><strong>agricola</strong></span> <span class='ocrx_word' id='word_1_261' title='bbox 1803 2804 2049 2869; x_wconf 91' lang='lat' dir='ltr'><strong>nesciat</strong></span> <span class='ocrx_word' id='word_1_262' title='bbox 2095 2803 2295 2870; x_wconf 90' lang='lat' dir='ltr'><strong>etiam</strong></span> <span class='ocrx_word' id='word_1_263' title='bbox 2343 2803 2774 2869; x_wconf 90' lang='lat' dir='ltr'><strong>durissimum</strong></span> 
     </span>
     <span class='ocr_line' id='line_1_34' title="bbox 303 2909 2773 2996; baseline 0 -21"><span class='ocrx_word' id='word_1_264' title='bbox 303 2909 533 2975; x_wconf 87' lang='lat' dir='ltr'><strong>tufum</strong></span> <span class='ocrx_word' id='word_1_265' title='bbox 577 2910 684 2975; x_wconf 89' lang='lat' dir='ltr'><strong>uel</strong></span> <span class='ocrx_word' id='word_1_266' title='bbox 729 2909 1228 2990; x_wconf 83' lang='lat' dir='ltr'><strong>carbunculum,</strong></span> <span class='ocrx_word' id='word_1_267' title='bbox 1276 2910 1675 2996; x_wconf 88' lang='lat' dir='ltr'><strong>simulatque</strong></span> <span class='ocrx_word' id='word_1_268' title='bbox 1719 2911 1805 2976; x_wconf 91' lang='lat' dir='ltr'><strong>sit</strong></span> <span class='ocrx_word' id='word_1_269' title='bbox 1848 2909 2223 2977; x_wconf 90' lang='lat' dir='ltr'><strong>confractus</strong></span> <span class='ocrx_word' id='word_1_270' title='bbox 2269 2924 2335 2976; x_wconf 90' lang='lat' dir='ltr'><strong>et</strong></span> <span class='ocrx_word' id='word_1_271' title='bbox 2379 2911 2448 2975; x_wconf 92' lang='lat' dir='ltr'><strong>in</strong></span> <span class='ocrx_word' id='word_1_272' title='bbox 2494 2910 2773 2976; x_wconf 89' lang='lat' dir='ltr'><strong>summis</strong></span> 
     </span>
     <span class='ocr_line' id='line_1_35' title="bbox 303 3017 2774 3104; baseline 0 -22"><span class='ocrx_word' id='word_1_273' title='bbox 303 3030 625 3102; x_wconf 84' lang='lat' dir='ltr'><strong>regestus,</strong></span> <span class='ocrx_word' id='word_1_274' title='bbox 653 3017 1158 3103; x_wconf 89' lang='lat' dir='ltr'><strong>tempestatibus</strong></span> <span class='ocrx_word' id='word_1_275' title='bbox 1184 3031 1250 3083; x_wconf 90' lang='lat' dir='ltr'><strong>et</strong></span> <span class='ocrx_word' id='word_1_276' title='bbox 1274 3017 1426 3104; x_wconf 88' lang='lat' dir='ltr'><strong>gelu</strong></span> <span class='ocrx_word' id='word_1_277' title='bbox 1453 3039 1577 3084; x_wconf 89' lang='lat' dir='ltr'><strong>nec</strong></span> <span class='ocrx_word' id='word_1_278' title='bbox 1603 3017 1825 3083; x_wconf 89' lang='lat' dir='ltr'><strong>minus</strong></span> <span class='ocrx_word' id='word_1_279' title='bbox 1850 3017 2116 3084; x_wconf 88' lang='lat' dir='ltr'><strong>aestiuis</strong></span> <span class='ocrx_word' id='word_1_280' title='bbox 2142 3031 2516 3104; x_wconf 89' lang='lat' dir='ltr'><strong>putrescere</strong></span> <span class='ocrx_word' id='word_1_281' title='bbox 2543 3017 2774 3083; x_wconf 90' lang='lat' dir='ltr'><strong>calori-</strong></span> 
     </span>
     <span class='ocr_line' id='line_1_36' title="bbox 304 3123 2775 3210; baseline 0 -21"><span class='ocrx_word' id='word_1_282' title='bbox 304 3123 436 3189; x_wconf 94' lang='lat' dir='ltr'><strong>bus</strong></span> <span class='ocrx_word' id='word_1_283' title='bbox 485 3145 562 3189; x_wconf 92' lang='lat' dir='ltr'><strong>ac</strong></span> <span class='ocrx_word' id='word_1_284' title='bbox 611 3123 873 3203; x_wconf 88' lang='lat' dir='ltr'><strong>resolui,</strong></span> <span class='ocrx_word' id='word_1_285' title='bbox 924 3145 1213 3210; x_wconf 90' lang='lat' dir='ltr'><strong>eumque</strong></span> <span class='ocrx_word' id='word_1_286' title='bbox 1262 3123 1656 3210; x_wconf 90' lang='lat' dir='ltr'><strong>pulcerrime</strong></span> <span class='ocrx_word' id='word_1_287' title='bbox 1706 3124 1956 3190; x_wconf 90' lang='lat' dir='ltr'><strong>radices</strong></span> <span class='ocrx_word' id='word_1_288' title='bbox 2004 3124 2245 3189; x_wconf 90' lang='lat' dir='ltr'><strong>uitium</strong></span> <span class='ocrx_word' id='word_1_289' title='bbox 2294 3145 2412 3210; x_wconf 90' lang='lat' dir='ltr'><strong>per</strong></span> <span class='ocrx_word' id='word_1_290' title='bbox 2461 3137 2775 3189; x_wconf 89' lang='lat' dir='ltr'><strong>aestatem</strong></span> 
     </span>
     <span class='ocr_line' id='line_1_37' title="bbox 299 3229 2775 3317; baseline -0.001 -20"><span class='ocrx_word' id='word_1_291' title='bbox 299 3230 688 3317; x_wconf 87' lang='lat' dir='ltr'><strong>refrigerare</strong></span> <span class='ocrx_word' id='word_1_292' title='bbox 722 3252 1092 3317; x_wconf 91' lang='lat' dir='ltr'><strong>sucumque</strong></span> <span class='ocrx_word' id='word_1_293' title='bbox 1126 3230 1405 3297; x_wconf 89' lang='lat' dir='ltr'><strong>retinere</strong></span> <span class='ocrx_word' id='word_1_294' title='bbox 1437 3268 1524 3277; x_wconf 95' lang='lat'>—</span> <span class='ocrx_word' id='word_1_295' title='bbox 1559 3253 1727 3317; x_wconf 90' lang='lat' dir='ltr'><strong>quae</strong></span> <span class='ocrx_word' id='word_1_296' title='bbox 1762 3253 1865 3297; x_wconf 90' lang='lat' dir='ltr'><strong>res</strong></span> <span class='ocrx_word' id='word_1_297' title='bbox 1898 3230 2134 3297; x_wconf 89' lang='lat' dir='ltr'><strong>alendo</strong></span> <span class='ocrx_word' id='word_1_298' title='bbox 2168 3230 2433 3296; x_wconf 92' lang='lat' dir='ltr'><strong>surculo</strong></span> <span class='ocrx_word' id='word_1_299' title='bbox 2467 3244 2625 3296; x_wconf 90' lang='lat' dir='ltr'><strong>sunt</strong></span> <span class='ocrx_word' id='word_1_300' title='bbox 2657 3229 2775 3296; x_wconf 90' lang='lat' dir='ltr'><strong>ad-</strong></span> 
     </span>
    </p>
   </div>
   <div class='ocr_carea' id='block_1_12' title="bbox 307 3411 749 3421">
    <p class='ocr_par' dir='ltr' id='par_1_14' title="bbox 307 3411 749 3421">
     <span class='ocr_line' id='line_1_38' title="bbox 307 3411 749 3421; baseline 0 2138"><span class='ocrx_word' id='word_1_301' title='bbox 307 3411 749 3421; x_wconf 95' lang='lat' dir='ltr'><strong> </strong></span> 
     </span>
    </p>
   </div>
   <div class='ocr_carea' id='block_1_13' title="bbox 296 3530 2774 4485">
    <p class='ocr_par' dir='ltr' id='par_1_15' title="bbox 296 3530 2774 4485">
     <span class='ocr_line' id='line_1_39' title="bbox 297 3530 2765 3597; baseline -0.001 -12"><span class='ocrx_word' id='word_1_302' title='bbox 297 3530 1718 3597; x_wconf 58' lang='lat' dir='ltr'><strong>R-exstirpatisA—parumvpurumSAR-</strong></span> <span class='ocrx_word' id='word_1_303' title='bbox 1758 3531 2666 3594; x_wconf 75' lang='lat' dir='ltr'><strong>191ucetA1-2oabom.R-</strong></span> <span class='ocrx_word' id='word_1_304' title='bbox 2702 3547 2765 3584; x_wconf 84' lang='lat'><strong>21</strong></span> 
     </span>
     <span class='ocr_line' id='line_1_40' title="bbox 297 3619 2774 3685; baseline -0.001 -11"><span class='ocrx_word' id='word_1_305' title='bbox 297 3638 508 3674; x_wconf 79' lang='lat' dir='ltr'><strong>aurum</strong></span> <span class='ocrx_word' id='word_1_306' title='bbox 531 3619 625 3672; x_wconf 89' lang='lat' dir='ltr'><strong>SA</strong></span> <span class='ocrx_word' id='word_1_307' title='bbox 660 3646 698 3656; x_wconf 93' lang='lat'><em>-</em></span> <span class='ocrx_word' id='word_1_308' title='bbox 732 3619 1073 3673; x_wconf 81' lang='lat' dir='ltr'><strong>rasissimum</strong></span> <span class='ocrx_word' id='word_1_309' title='bbox 1095 3620 1149 3672; x_wconf 99' lang='lat' dir='ltr'>A</span> <span class='ocrx_word' id='word_1_310' title='bbox 1180 3646 1220 3656; x_wconf 94' lang='lat'>—</span> <span class='ocrx_word' id='word_1_311' title='bbox 1255 3636 1320 3684; x_wconf 83' lang='lat'><strong>23</strong></span> <span class='ocrx_word' id='word_1_312' title='bbox 1348 3621 1602 3672; x_wconf 87' lang='lat' dir='ltr'><strong>condicio</strong></span> <span class='ocrx_word' id='word_1_313' title='bbox 1623 3620 1677 3672; x_wconf 99' lang='lat' dir='ltr'>A</span> <span class='ocrx_word' id='word_1_314' title='bbox 1709 3646 1749 3656; x_wconf 94' lang='lat'>—</span> <span class='ocrx_word' id='word_1_315' title='bbox 1783 3621 2040 3673; x_wconf 82' lang='lat' dir='ltr'><strong>restiuilis</strong></span> <span class='ocrx_word' id='word_1_316' title='bbox 2063 3620 2157 3673; x_wconf 88' lang='lat' dir='ltr'><strong>SA</strong></span> <span class='ocrx_word' id='word_1_317' title='bbox 2188 3647 2228 3657; x_wconf 93' lang='lat'>-</span> <span class='ocrx_word' id='word_1_318' title='bbox 2263 3636 2333 3684; x_wconf 88' lang='lat'><strong>24</strong></span> <span class='ocrx_word' id='word_1_319' title='bbox 2357 3620 2625 3685; x_wconf 88' lang='lat' dir='ltr'><strong>quicquid</strong></span> <span class='ocrx_word' id='word_1_320' title='bbox 2648 3620 2702 3672; x_wconf 99' lang='lat' dir='ltr'>A</span> <span class='ocrx_word' id='word_1_321' title='bbox 2735 3647 2774 3657; x_wconf 96' lang='lat'>-</span> 
     </span>
     <span class='ocr_line' id='line_1_41' title="bbox 296 3708 2772 3774; baseline -0.001 -11"><span class='ocrx_word' id='word_1_322' title='bbox 296 3709 675 3774; x_wconf 58' lang='lat' dir='ltr'><strong>exstirpantia</strong></span> <span class='ocrx_word' id='word_1_323' title='bbox 707 3734 746 3745; x_wconf 88' lang='lat'>-</span> <span class='ocrx_word' id='word_1_324' title='bbox 781 3725 846 3773; x_wconf 84' lang='grc'><strong>25</strong></span> <span class='ocrx_word' id='word_1_325' title='bbox 876 3709 1158 3762; x_wconf 81' lang='lat' dir='ltr'><strong>rotumA¹</strong></span> <span class='ocrx_word' id='word_1_326' title='bbox 1193 3735 1232 3746; x_wconf 91' lang='lat'>-</span> <span class='ocrx_word' id='word_1_327' title='bbox 1266 3710 1534 3762; x_wconf 86' lang='lat' dir='ltr'><strong>siccoom.</strong></span> <span class='ocrx_word' id='word_1_328' title='bbox 1562 3708 1698 3762; x_wconf 84' lang='lat' dir='ltr'><strong>SAh</strong></span> <span class='ocrx_word' id='word_1_329' title='bbox 1732 3736 1770 3747; x_wconf 92' lang='lat'>-</span> <span class='ocrx_word' id='word_1_330' title='bbox 1804 3709 2399 3762; x_wconf 81' lang='lat' dir='ltr'><strong>siidRsitS¹AsiS²</strong></span> <span class='ocrx_word' id='word_1_331' title='bbox 2434 3736 2473 3745; x_wconf 98' lang='lat'><em>-</em></span> <span class='ocrx_word' id='word_1_332' title='bbox 2508 3709 2576 3762; x_wconf 90' lang='grc'><strong>26</strong></span> <span class='ocrx_word' id='word_1_333' title='bbox 2603 3725 2772 3772; x_wconf 80' lang='lat' dir='ltr'><strong>quam</strong></span> 
     </span>
     <span class='ocr_line' id='line_1_42' title="bbox 297 3796 2772 3862; baseline -0.001 -10"><span class='ocrx_word' id='word_1_334' title='bbox 297 3798 689 3852; x_wconf 73' lang='lat' dir='ltr'><strong>recentissimo</strong></span> <span class='ocrx_word' id='word_1_335' title='bbox 728 3798 820 3850; x_wconf 89' lang='lat' dir='ltr'><strong>SR</strong></span> <span class='ocrx_word' id='word_1_336' title='bbox 859 3798 1286 3862; x_wconf 81' lang='lat' dir='ltr'><strong>quscentissimo</strong></span> <span class='ocrx_word' id='word_1_337' title='bbox 1309 3799 1362 3850; x_wconf 88' lang='lat' dir='ltr'>A</span> <span class='ocrx_word' id='word_1_338' title='bbox 1395 3825 1435 3834; x_wconf 94' lang='lat'>—</span> <span class='ocrx_word' id='word_1_339' title='bbox 1468 3798 1753 3850; x_wconf 83' lang='lat' dir='ltr'><strong>stercorari</strong></span> <span class='ocrx_word' id='word_1_340' title='bbox 1777 3799 1830 3850; x_wconf 88' lang='lat' dir='ltr'>A</span> <span class='ocrx_word' id='word_1_341' title='bbox 1855 3799 2135 3850; x_wconf 81' lang='lat' dir='ltr'><strong>stercerari</strong></span> <span class='ocrx_word' id='word_1_342' title='bbox 2160 3799 2200 3851; x_wconf 95' lang='lat' dir='ltr'>S</span> <span class='ocrx_word' id='word_1_343' title='bbox 2225 3799 2449 3850; x_wconf 87' lang='lat' dir='ltr'><strong>stercori</strong></span> <span class='ocrx_word' id='word_1_344' title='bbox 2476 3796 2606 3862; x_wconf 65' lang='grc' dir='ltr'><strong>λίγ’</strong></span> <span class='ocrx_word' id='word_1_345' title='bbox 2632 3809 2772 3850; x_wconf 86' lang='lat' dir='ltr'><strong>ster-</strong></span> 
     </span>
     <span class='ocr_line' id='line_1_43' title="bbox 298 3885 2772 3953; baseline -0.002 -12"><span class='ocrx_word' id='word_1_346' title='bbox 298 3905 434 3941; x_wconf 75' lang='lat' dir='ltr'><strong>core</strong></span> <span class='ocrx_word' id='word_1_347' title='bbox 456 3885 725 3953; x_wconf 67' lang='lat' dir='ltr'><strong>11¹1pr·</strong></span> <span class='ocrx_word' id='word_1_348' title='bbox 743 3888 1002 3939; x_wconf 82' lang='lat' dir='ltr'><strong>stercorei</strong></span> <span class='ocrx_word' id='word_1_349' title='bbox 1022 3886 1089 3938; x_wconf 76' lang='grc' dir='ltr'><strong>Ιιι</strong></span> <span class='ocrx_word' id='word_1_350' title='bbox 1123 3914 1160 3923; x_wconf 93' lang='grc'>-</span> <span class='ocrx_word' id='word_1_351' title='bbox 1195 3887 1468 3939; x_wconf 87' lang='lat' dir='ltr'><strong>conuertit</strong></span> <span class='ocrx_word' id='word_1_352' title='bbox 1487 3888 1540 3938; x_wconf 89' lang='lat' dir='ltr'>R</span> <span class='ocrx_word' id='word_1_353' title='bbox 1574 3914 1614 3923; x_wconf 94' lang='lat'>—</span> <span class='ocrx_word' id='word_1_354' title='bbox 1636 3899 1705 3951; x_wconf 88' lang='lat'><strong>27</strong></span> <span class='ocrx_word' id='word_1_355' title='bbox 1727 3887 1964 3939; x_wconf 83' lang='lat' dir='ltr'><strong>refossae</strong></span> <span class='ocrx_word' id='word_1_356' title='bbox 1985 3887 2145 3940; x_wconf 79' lang='lat' dir='ltr'><strong>Schn.</strong></span> <span class='ocrx_word' id='word_1_357' title='bbox 2171 3887 2402 3940; x_wconf 83' lang='lat' dir='ltr'><strong>refossas</strong></span> <span class='ocrx_word' id='word_1_358' title='bbox 2422 3886 2566 3939; x_wconf 89' lang='lat' dir='ltr'><strong>SAR</strong></span> <span class='ocrx_word' id='word_1_359' title='bbox 2589 3913 2628 3923; x_wconf 96' lang='lat'>-</span> <span class='ocrx_word' id='word_1_360' title='bbox 2651 3903 2772 3938; x_wconf 89' lang='lat' dir='ltr'><strong>om-</strong></span> 
     </span>
     <span class='ocr_line' id='line_1_44' title="bbox 299 3975 2772 4041; baseline -0.001 -11"><span class='ocrx_word' id='word_1_361' title='bbox 299 3975 2772 4041; x_wconf 54' lang='lat' dir='ltr'><strong>nisS-cornburitumhkocomburiturSAconburiu.sp.j—28uetoSA-29</strong></span> 
     </span>
     <span class='ocr_line' id='line_1_45' title="bbox 303 4063 2772 4131; baseline -0.001 -13"><span class='ocrx_word' id='word_1_362' title='bbox 303 4066 566 4131; x_wconf 74' lang='lat' dir='ltr'><strong>haegesta</strong></span> <span class='ocrx_word' id='word_1_363' title='bbox 601 4065 719 4118; x_wconf 87' lang='lat' dir='ltr'><strong>S¹A</strong></span> <span class='ocrx_word' id='word_1_364' title='bbox 751 4091 789 4101; x_wconf 93' lang='lat'><em>-</em></span> <span class='ocrx_word' id='word_1_365' title='bbox 825 4081 895 4130; x_wconf 88' lang='grc' dir='ltr'><strong>3ο</strong></span> <span class='ocrx_word' id='word_1_366' title='bbox 931 4077 985 4118; x_wconf 85' lang='lat' dir='ltr'><strong>et</strong></span> <span class='ocrx_word' id='word_1_367' title='bbox 1021 4082 1119 4117; x_wconf 86' lang='lat' dir='ltr'><strong>om.</strong></span> <span class='ocrx_word' id='word_1_368' title='bbox 1152 4063 1361 4131; x_wconf 65' lang='grc' dir='ltr'><strong>Ῑλΐγςο</strong></span> <span class='ocrx_word' id='word_1_369' title='bbox 1394 4092 1433 4102; x_wconf 97' lang='grc'>-</span> <span class='ocrx_word' id='word_1_370' title='bbox 1468 4066 1537 4117; x_wconf 84' lang='lat' dir='ltr'><strong>ab</strong></span> <span class='ocrx_word' id='word_1_371' title='bbox 1574 4083 1673 4118; x_wconf 87' lang='lat' dir='ltr'><strong>om.</strong></span> <span class='ocrx_word' id='word_1_372' title='bbox 1712 4066 1765 4117; x_wconf 87' lang='lat' dir='ltr'>A</span> <span class='ocrx_word' id='word_1_373' title='bbox 1798 4091 1837 4101; x_wconf 93' lang='lat'><em>-</em></span> <span class='ocrx_word' id='word_1_374' title='bbox 1873 4081 1934 4130; x_wconf 83' lang='lat'><strong>31</strong></span> <span class='ocrx_word' id='word_1_375' title='bbox 1977 4065 2256 4118; x_wconf 87' lang='lat' dir='ltr'><strong>surculiris</strong></span> <span class='ocrx_word' id='word_1_376' title='bbox 2291 4065 2367 4116; x_wconf 86' lang='lat' dir='ltr'><strong>A¹</strong></span> <span class='ocrx_word' id='word_1_377' title='bbox 2403 4092 2442 4102; x_wconf 91' lang='lat'>-</span> <span class='ocrx_word' id='word_1_378' title='bbox 2477 4080 2543 4129; x_wconf 85' lang='lat'><strong>33</strong></span> <span class='ocrx_word' id='word_1_379' title='bbox 2583 4064 2772 4128; x_wconf 76' lang='lat' dir='ltr'><strong>aliquo</strong></span> 
     </span>
     <span class='ocr_line' id='line_1_46' title="bbox 305 4153 2770 4219; baseline -0.001 -12"><span class='ocrx_word' id='word_1_380' title='bbox 305 4155 382 4207; x_wconf 85' lang='lat' dir='ltr'><strong>A¹</strong></span> <span class='ocrx_word' id='word_1_381' title='bbox 416 4181 458 4191; x_wconf 90' lang='lat'>-</span> <span class='ocrx_word' id='word_1_382' title='bbox 493 4171 565 4218; x_wconf 86' lang='lat'><strong>34</strong></span> <span class='ocrx_word' id='word_1_383' title='bbox 584 4154 861 4207; x_wconf 81' lang='lat' dir='ltr'><strong>siluestres</strong></span> <span class='ocrx_word' id='word_1_384' title='bbox 874 4153 985 4219; x_wconf 66' lang='grc' dir='ltr'><strong>Ῐλσ</strong></span> <span class='ocrx_word' id='word_1_385' title='bbox 1015 4180 1055 4190; x_wconf 90' lang='grc'><strong>-</strong></span> <span class='ocrx_word' id='word_1_386' title='bbox 1091 4155 1159 4218; x_wconf 91' lang='grc'><strong>36</strong></span> <span class='ocrx_word' id='word_1_387' title='bbox 1179 4155 1382 4206; x_wconf 83' lang='lat' dir='ltr'><strong>terrida</strong></span> <span class='ocrx_word' id='word_1_388' title='bbox 1400 4154 1454 4206; x_wconf 99' lang='lat' dir='ltr'>A</span> <span class='ocrx_word' id='word_1_389' title='bbox 1474 4155 1762 4206; x_wconf 87' lang='lat' dir='ltr'><strong>retorridet</strong></span> <span class='ocrx_word' id='word_1_390' title='bbox 1782 4155 1835 4205; x_wconf 89' lang='lat' dir='ltr'>R</span> <span class='ocrx_word' id='word_1_391' title='bbox 1867 4180 1906 4191; x_wconf 91' lang='lat'>-</span> <span class='ocrx_word' id='word_1_392' title='bbox 1941 4171 2043 4207; x_wconf 88' lang='lat' dir='ltr'><strong>nee</strong></span> <span class='ocrx_word' id='word_1_393' title='bbox 2063 4155 2103 4207; x_wconf 94' lang='lat' dir='ltr'>S</span> <span class='ocrx_word' id='word_1_394' title='bbox 2123 4166 2178 4205; x_wconf 89' lang='lat' dir='ltr'><strong>et</strong></span> <span class='ocrx_word' id='word_1_395' title='bbox 2196 4155 2249 4206; x_wconf 87' lang='lat' dir='ltr'>A</span> <span class='ocrx_word' id='word_1_396' title='bbox 2269 4170 2367 4206; x_wconf 82' lang='lat' dir='ltr'><strong>om.</strong></span> <span class='ocrx_word' id='word_1_397' title='bbox 2392 4155 2444 4205; x_wconf 89' lang='lat' dir='ltr'><strong>R</strong></span> <span class='ocrx_word' id='word_1_398' title='bbox 2478 4180 2517 4189; x_wconf 94' lang='lat'>—</span> <span class='ocrx_word' id='word_1_399' title='bbox 2551 4153 2770 4205; x_wconf 84' lang='lat' dir='ltr'><strong>scabras</strong></span> 
     </span>
     <span class='ocr_line' id='line_1_47' title="bbox 311 4242 2768 4309; baseline -0.001 -13"><span class='ocrx_word' id='word_1_400' title='bbox 311 4254 364 4296; x_wconf 87' lang='lat' dir='ltr'><strong>et</strong></span> <span class='ocrx_word' id='word_1_401' title='bbox 387 4242 612 4309; x_wconf 62' lang='grc' dir='ltr'><strong>ΑΙιξίλσ</strong></span> <span class='ocrx_word' id='word_1_402' title='bbox 644 4270 684 4279; x_wconf 93' lang='grc'>-</span> <span class='ocrx_word' id='word_1_403' title='bbox 715 4259 780 4307; x_wconf 84' lang='lat'><strong>41</strong></span> <span class='ocrx_word' id='word_1_404' title='bbox 810 4243 925 4295; x_wconf 82' lang='lat' dir='ltr'><strong>sola</strong></span> <span class='ocrx_word' id='word_1_405' title='bbox 948 4260 1010 4295; x_wconf 80' lang='lat' dir='ltr'><strong>ea</strong></span> <span class='ocrx_word' id='word_1_406' title='bbox 1033 4243 1146 4295; x_wconf 75' lang='lat' dir='ltr'><strong>SA·</strong></span> <span class='ocrx_word' id='word_1_407' title='bbox 1169 4243 1315 4295; x_wconf 81' lang='lat' dir='ltr'><strong>solea</strong></span> <span class='ocrx_word' id='word_1_408' title='bbox 1336 4243 1411 4295; x_wconf 85' lang='lat' dir='ltr'><strong>A¹</strong></span> <span class='ocrx_word' id='word_1_409' title='bbox 1434 4244 1549 4296; x_wconf 83' lang='lat' dir='ltr'><strong>sola</strong></span> <span class='ocrx_word' id='word_1_410' title='bbox 1571 4244 1623 4294; x_wconf 88' lang='lat' dir='ltr'><strong>R</strong></span> <span class='ocrx_word' id='word_1_411' title='bbox 1657 4270 1696 4280; x_wconf 96' lang='lat'>-</span> <span class='ocrx_word' id='word_1_412' title='bbox 1730 4259 1800 4307; x_wconf 83' lang='lat'><strong>42</strong></span> <span class='ocrx_word' id='word_1_413' title='bbox 1825 4243 1922 4307; x_wconf 89' lang='lat' dir='ltr'><strong>qui</strong></span> <span class='ocrx_word' id='word_1_414' title='bbox 1945 4243 1984 4295; x_wconf 92' lang='lat' dir='ltr'>S</span> <span class='ocrx_word' id='word_1_415' title='bbox 2017 4270 2056 4280; x_wconf 91' lang='lat'>-</span> <span class='ocrx_word' id='word_1_416' title='bbox 2089 4259 2156 4307; x_wconf 84' lang='lat'><strong>43</strong></span> <span class='ocrx_word' id='word_1_417' title='bbox 2183 4244 2254 4295; x_wconf 86' lang='lat' dir='ltr'><strong>sit</strong></span> <span class='ocrx_word' id='word_1_418' title='bbox 2277 4243 2587 4294; x_wconf 86' lang='lat' dir='ltr'><strong>confractus</strong></span> <span class='ocrx_word' id='word_1_419' title='bbox 2617 4242 2768 4294; x_wconf 76' lang='lat' dir='ltr'><strong>Thes.</strong></span> 
     </span>
     <span class='ocr_line' id='line_1_48' title="bbox 314 4331 2767 4397; baseline 0 -16"><span class='ocrx_word' id='word_1_420' title='bbox 314 4344 565 4396; x_wconf 78' lang='lat'><strong>4,255‚24</strong></span> <span class='ocrx_word' id='word_1_421' title='bbox 583 4349 658 4397; x_wconf 72' lang='lat' dir='ltr'><strong>sq.</strong></span> <span class='ocrx_word' id='word_1_422' title='bbox 682 4333 855 4385; x_wconf 87' lang='lat' dir='ltr'><strong>situm</strong></span> <span class='ocrx_word' id='word_1_423' title='bbox 873 4331 1217 4385; x_wconf 77' lang='lat' dir='ltr'><strong>confractum</strong></span> <span class='ocrx_word' id='word_1_424' title='bbox 1236 4332 1328 4384; x_wconf 88' lang='lat' dir='ltr'><strong>SA</strong></span> <span class='ocrx_word' id='word_1_425' title='bbox 1347 4332 1395 4385; x_wconf 86' lang='lat' dir='ltr'><strong>si</strong></span> <span class='ocrx_word' id='word_1_426' title='bbox 1414 4332 1524 4385; x_wconf 87' lang='lat' dir='ltr'><strong>sint</strong></span> <span class='ocrx_word' id='word_1_427' title='bbox 1544 4332 1808 4384; x_wconf 81' lang='lat' dir='ltr'><strong>confracti</strong></span> <span class='ocrx_word' id='word_1_428' title='bbox 1829 4333 1882 4383; x_wconf 89' lang='lat' dir='ltr'>R</span> <span class='ocrx_word' id='word_1_429' title='bbox 1915 4358 1954 4368; x_wconf 92' lang='lat'><em>-</em></span> <span class='ocrx_word' id='word_1_430' title='bbox 1987 4332 2221 4384; x_wconf 86' lang='lat' dir='ltr'><strong>summis</strong></span> <span class='ocrx_word' id='word_1_431' title='bbox 2248 4331 2397 4383; x_wconf 79' lang='lat' dir='ltr'><strong>Thes.</strong></span> <span class='ocrx_word' id='word_1_432' title='bbox 2422 4341 2672 4393; x_wconf 77' lang='lat' dir='ltr'><strong>4,255,a4</strong></span> <span class='ocrx_word' id='word_1_433' title='bbox 2694 4346 2767 4394; x_wconf 73' lang='lat' dir='ltr'><strong>sq.</strong></span> 
     </span>
     <span class='ocr_line' id='line_1_49' title="bbox 316 4419 2771 4485; baseline -0.001 -13"><span class='ocrx_word' id='word_1_434' title='bbox 316 4422 979 4475; x_wconf 72' lang='lat' dir='ltr'><strong>aummusSAsummoR</strong></span> <span class='ocrx_word' id='word_1_435' title='bbox 1013 4446 1052 4457; x_wconf 91' lang='lat'>-</span> <span class='ocrx_word' id='word_1_436' title='bbox 1084 4421 1438 4485; x_wconf 81' lang='lat' dir='ltr'><strong>44regestiR</strong></span> <span class='ocrx_word' id='word_1_437' title='bbox 1471 4447 1511 4457; x_wconf 93' lang='lat'>-</span> <span class='ocrx_word' id='word_1_438' title='bbox 1543 4430 1668 4472; x_wconf 77' lang='lat' dir='ltr'><strong>ante</strong></span> <span class='ocrx_word' id='word_1_439' title='bbox 1683 4432 1996 4485; x_wconf 84' lang='lat' dir='ltr'><strong>putrescere</strong></span> <span class='ocrx_word' id='word_1_440' title='bbox 2010 4420 2133 4472; x_wconf 76' lang='lat' dir='ltr'><strong>aad.</strong></span> <span class='ocrx_word' id='word_1_441' title='bbox 2154 4432 2207 4472; x_wconf 88' lang='lat' dir='ltr'><strong>et</strong></span> <span class='ocrx_word' id='word_1_442' title='bbox 2224 4420 2317 4472; x_wconf 94' lang='lat' dir='ltr'><strong>SA</strong></span> <span class='ocrx_word' id='word_1_443' title='bbox 2349 4446 2389 4455; x_wconf 94' lang='lat'>—</span> <span class='ocrx_word' id='word_1_444' title='bbox 2422 4435 2488 4483; x_wconf 83' lang='lat'><strong>45</strong></span> <span class='ocrx_word' id='word_1_445' title='bbox 2510 4419 2771 4483; x_wconf 87' lang='lat' dir='ltr'><strong>pulcher-</strong></span> 
     </span>
    </p>
   </div>
   <div class='ocr_carea' id='block_1_14' title="bbox 0 4772 3108 5556">
    <p class='ocr_par' dir='ltr' id='par_1_16' title="bbox 0 4772 3108 5556">
     <span class='ocr_line' id='line_1_50' title="bbox 0 4772 3108 5556; baseline 0 3"><span class='ocrx_word' id='word_1_446' title='bbox 0 4772 3108 5556; x_wconf 95' lang='lat' dir='ltr'><strong> </strong></span> 
     </span>
    </p>
   </div>
  </div>
 </body>
</html>
