3109 5559
1278 371 1391 416 REI
1423 371 1747 417 RVSTICAE
1779 371 1908 417 LIB.
1943 371 2066 417 VIII
2099 372 2155 418 C.
2190 373 2231 435 4
2262 373 2347 418 ΕΤ
2377 370 2415 434 5

713 553 871 596 cum
902 533 1200 595 omnibus
1230 533 1565 614 pecoribus
1595 540 1737 595 tum
1767 533 1834 595 in
1864 533 1987 595 hoc
2015 533 2177 595 fides
2206 534 2500 614 pastoris,
2535 534 2637 614 qui

715 641 985 702 domino
1012 648 1249 712 seruat,
1280 640 1515 701 nullius
1543 640 1903 702 ornithonis
1930 647 2237 720 quaestus
2265 640 2467 702 uincit
2495 641 2637 721 inpe

802 748 903 808 De
947 747 1154 808 tutela
1198 747 1355 809 satis
1399 747 1647 808 dictum
1692 754 1809 819 est,
1855 765 2027 808 nunc
2071 747 2386 826 reliquum
2430 747 2637 809 ordine

715 872 1012 933 quemur.

657 976 691 1025 5
801 959 1110 1021 Confecta
1139 960 1370 1021 bruma
1398 979 1619 1039 parere
1650 959 1779 1021 fere
1810 960 1877 1021 id
1906 978 2106 1038 genus
2135 959 2355 1021 auium
2384 979 2637 1022 consuet

715 1085 943 1128 earum
964 1085 1131 1145 quae
1151 1073 1303 1129 sunt
1328 1065 1816 1128 fecundissimae
1836 1066 1991 1127 locis
2012 1066 2430 1146 tepidioribus
2450 1067 2617 1128 circa

717 1172 1057 1234 Ianuarias
1086 1192 1212 1234 oua
1241 1173 1427 1234 edere
1456 1172 1794 1252 incipiunt,
1828 1172 2071 1252 frigidis
2101 1179 2320 1234 autem
2352 1172 2636 1252 regionib

714 1298 939 1341 mense
976 1285 1123 1359 post
1165 1280 1338 1341 Idus.
1379 1279 1492 1341 sed
1529 1279 1689 1340 cibis
1724 1279 1968 1339 idoneis
2005 1277 2367 1341 fecunditas
2404 1298 2623 1340 earum

715 1392 839 1458 est,
864 1404 993 1465 quo
1011 1385 1328 1447 maturius
1347 1393 1608 1466 partum
1629 1386 1845 1447 edant.
1870 1385 2111 1465 optime
2131 1386 2475 1465 praebetur
2494 1386 2579 1446 ad
2597 1405 2637 1447 s:

625 1510 694 1545 10
716 1492 1032 1553 hordeum
1059 1493 1494 1563 semicoctum,
1522 1511 1675 1553 nam
1701 1498 1766 1553 et
1792 1492 2000 1553 maius
2026 1492 2180 1553 facit
2208 1511 2476 1553 ouorum
2501 1492 2637 1553 incr

715 1605 784 1660 et
806 1598 1268 1678 frequentiores
1287 1605 1532 1679 partus
1554 1605 1621 1660 et
1636 1599 1691 1660 is
1705 1598 1886 1660 cibus
1900 1598 2086 1678 quasi
2100 1598 2493 1660 condiendus
2507 1599 2637 1660 esti

715 1705 956 1785 cythisi
984 1704 1151 1767 foliis
1180 1724 1256 1766 ac
1284 1705 1522 1767 semine
1551 1705 1856 1777 eiusdem,
1890 1724 2053 1784 quae
2083 1704 2361 1766 maxime
2392 1711 2637 1785 putant

717 1811 1186 1888 fecunditatem
1242 1812 1482 1873 auium.
1543 1812 1774 1873 modus
1832 1811 2214 1873 cibariorum
2272 1812 2376 1883 sit,
2437 1819 2510 1873 ut
2570 1812 2636 1872 di

714 1919 1018 1979 binorum
1062 1918 1443 1998 cyathorum
1485 1917 1726 1979 hordei.
1771 1917 2016 1997 aliquid
2058 1925 2276 1980 tamen
2320 1918 2637 1979 admiscen

620 2042 691 2091 15
716 2024 930 2104 cytisi,
960 2025 1065 2086 uel
1093 2024 1147 2086 si
1175 2024 1242 2085 id
1270 2044 1400 2085 non
1429 2023 1643 2096 fuerit,
1675 2023 1877 2086 uiciae
1906 2031 2021 2086 aut
2051 2024 2226 2085 milii.

800 2131 1003 2192 Curae
1043 2138 1261 2193 autem
1303 2130 1564 2192 debebit
1602 2150 1737 2192 esse
1776 2130 2048 2202 custodi,
2090 2150 2236 2192 cum
2276 2131 2635 2211 parturient

716 2237 1002 2299 habeant
1065 2256 1263 2317 quam
1327 2237 1765 2299 mundissimis
1827 2237 2026 2317 paleis
2088 2243 2418 2298 constrata
2480 2237 2637 2298 cubi]

712 2343 988 2405 subinde
1037 2350 1396 2416 conuerrat,
1447 2351 1512 2405 et
1564 2341 1690 2404 alia
1736 2350 2093 2405 stramenta
2141 2362 2338 2422 quam
2388 2344 2637 2405 recentis

790 2540 821 2589 5
852 2527 932 2589 etr
962 2527 1174 2577 Pallad.
1209 2539 1261 2585 2,
1282 2539 1351 2576 η
1552 2539 1716 2575 10—11
1755 2526 1966 2576 Pallad.
2001 2540 2052 2585 ι,
2076 2540 2161 2591 ²7·
2184 2540 2216 2576 r
2401 2526 2590 2576 16-18:
2615 2541 2637 2575 2

706 2621 846 2665 rust.
879 2628 933 2678 3,
954 2630 1005 2680 9,
1026 2617 1061 2666 8

794 2791 816 2825 1
853 2789 981 2826 cum
1010 2777 1069 2825 in
1100 2776 1361 2826 omnibus
1389 2771 1442 2825 R.
1655 2776 1948 2839 pecoribus
1979 2791 2080 2826 om.
2112 2784 2148 2832 Ρ
2327 2776 2637 2840 pastoribus

929 2864 1027 2930 qui
1058 2865 1165 2914 nisi
1193 2858 1294 2914 AB
1323 2864 1458 2929 quin
1490 2864 1537 2913 si
1567 2859 1603 2915 8
1799 2866 1942 2926 eam]
1978 2864 2174 2914 eadem
2203 2873 2237 2921 Ρ
2268 2878 2398 2914 cum
2426 2874 2478 2913 w

706 2949 838 3011 Soep
868 2955 983 3004 Pol.
1018 2952 1184 3002 nullis
1213 2946 1313 3002 ΛΠ
1341 2954 1527 3003 nullus
1554 2948 1608 3002 R.
1770 2953 2082 3003 homitonis
2110 2948 2197 3003 SA
2218 2954 2531 3003 orinthonis
2552 2939 2637 3023 Ν

713 3043 893 3093 uincit
922 3037 958 3093 8
987 3042 1169 3107 iungit
1199 3036 1345 3091 ω’
1375 3044 1564 3092 uincet
1592 3038 1645 3092 R.

789 3132 872 3181 De
901 3131 1192 3182 seruandis
1220 3132 1343 3181 ouis
1371 3133 1513 3182 rubr.
1546 3127 1650 3187 8118
1680 3131 1763 3180 De
1794 3130 1995 3180 ouibus
2016 3131 2305 3181 seruandis
2328 3131 2386 3181 C.
2415 3131 2471 3179 11
2497 3140 2533 3200 9

706 3234 950 3285 quemur
978 3216 1031 3270 R.
1059 3221 1262 3286 aliquot
1291 3234 1690 3284 persequamur
1719 3219 1807 3268 0¹8

787 3324 818 3372 5
851 3323 1043 3373 parere
1074 3310 1187 3359 fere
1217 3316 1349 3378 κγΡ
1381 3309 1494 3358 fere
1522 3302 1810 3378 ffl'ktp
1841 3322 2033 3372 parere
2062 3303 2246 3359 ὴῑωσ
2266 3309 2383 3359 Pol.
2570 3323 2600 3372 7
2632 3330 2637 3353 ι

929 3398 962 3446 8
993 3398 1266 3448 elicienda
1286 3392 1352 3448 88
1373 3398 1630 3461 eligenda
1650 3391 1751 3447 AB
1773 3397 2046 3461 exigenda
2067 3406 2101 3454 Ρ
2125 3399 2381 3462 augenda
2404 3393 2428 3446 t
2606 3412 2637 3458 9

706 3482 749 3538 8
777 3488 1046 3551 probetur
1088 3482 1144 3537 bl
1171 3487 1444 3551 probatur
1476 3496 1530 3536 ω
1751 3500 1816 3534 1o
1846 3486 2079 3536 ordeum
2107 3481 2160 3535 R.
2188 3487 2425 3552 plerique

927 3589 1164 3626 ouorum
1193 3571 1287 3626 8¹⁸
1315 3576 1551 3625 oborum
1582 3571 1641 3625 8¹
1670 3575 1945 3625 obhorum
1974 3569 2092 3645 Aep
2124 3576 2323 3625 horum
2352 3570 2405 3624 R.
2611 3590 2631 3624 1

708 3666 913 3715 tiorem
943 3674 977 3722 Ρ
1193 3669 1251 3713 et
1279 3659 1366 3714 SA
1395 3665 1491 3713 sed
1520 3659 1574 3713 R.
1790 3665 1837 3712 is
1865 3659 1918 3713 R.
1946 3664 2033 3713 his
2062 3649 2637 3734 smospmqjuqtrye

932 3768 994 3803 12
1026 3753 1214 3803 cithisi
1242 3748 1295 3802 R.
1323 3752 1526 3817 aliquot
1556 3753 1723 3816 cytisi
1769 3746 1822 3801 Α
1999 3767 2143 3818 quae
2173 3746 2258 3802 SA
2288 3767 2433 3818 quae
2464 3759 2637 3818 utraq‘

714 3856 781 3906 13
814 3843 1014 3893 modus
1042 3837 1129 3892 SA
1160 3843 1359 3892 modus
1390 3846 1582 3892 autem
1611 3837 1664 3891 R.
1859 3841 2017 3906 bagis
2044 3836 2131 3891 SA
2161 3843 2338 3905 magis
2368 3841 2473 3913 οῑγ
2506 3842 2630 3905 (exc.

932 3945 995 3994 15
1027 3931 1234 3995 cythisi
1266 3932 1352 3981 uel
1381 3931 1570 3980 cithisi
1599 3926 1652 3980 R.
1680 3930 1918 3997 plerique

789 4023 853 4071 16
883 4020 1199 4085 parturiens
1219 4014 1255 4070 8
1277 4020 1640 4083 parturierint
1662 4015 1686 4068 t
1868 4033 1932 4082 17
1955 4020 2129 4083 paleis
2152 4033 2325 4084 quam
2348 4021 2637 4070 mundissi1

924 4113 1213 4160 constrata
1253 4104 1306 4158 R.
1347 4114 1573 4158 constra
1612 4102 1662 4156 A
1700 4108 1922 4172 constra
1950 4104 1986 4158 8
2200 4123 2346 4173 quae
2374 4104 2461 4159 SA
2490 4124 2631 4174 eaqu

714 4199 780 4248 18
811 4203 1106 4249 conuertat
1149 4192 1409 4267 dquqnxu
1622 4197 2029 4247 recentissimas
2073 4192 2097 4245 t
2309 4212 2477 4263 quem
2507 4198 2596 4247 0¹¹
2627 4216 2637 4246 ι

923 4291 1201 4352 reponant
1229 4281 1316 4336 SA
1789 4305 1792 4310 ·

710 4413 746 4448 2
763 4422 803 4431 -
820 4417 978 4457 547543
