3109 5559
1745 864 2261 931 PRAEFATIO

849 1128 1237 1195 Fasciculus
1265 1140 1541 1195 octauus
1571 1142 1770 1215 atque
1799 1128 2075 1195 ultimus
2103 1128 2303 1195 huius
2332 1128 2532 1195 editio

740 1249 969 1321 atque
1005 1232 1357 1301 fasciculus
1391 1234 1625 1301 tertius
1660 1234 1993 1322 perfectus
2027 1248 2146 1301 est.
2187 1233 2409 1309 Quam
2444 1234 2533 1300 ob

737 1355 860 1409 est
893 1339 1006 1406 hic
1031 1361 1110 1406 ea
1134 1339 1357 1406 omnia
1382 1339 1625 1407 referre
1653 1362 1822 1427 quae
1849 1340 1920 1406 in
1946 1339 2350 1427 praefatione
2376 1339 2536 1407 fasci

841 1446 1077 1513 Verba
1103 1446 1355 1533 aliquot
1382 1447 1792 1534 ubicumque
1819 1446 2220 1535 praebentur
2247 1447 2485 1514 iisdem
2512 1468 2536 1514 <

737 1552 1113 1622 codicibus
1153 1552 1574 1641 praebentur:
1616 1554 1831 1620 scriba
1871 1554 2104 1641 legem,
2149 1554 2489 1641 quomodo
2529 1581 2538 1615 ι

739 1672 1010 1739 essent,
1039 1658 1348 1726 habuisse
1374 1681 1497 1726 nec
1521 1660 1917 1747 scripturam
1942 1660 2333 1748 exemplaris
2357 1660 2462 1726 sui
2487 1682 2540 1726 st

739 1769 852 1834 Ea
902 1766 1114 1832 uerba
1156 1765 1328 1832 infra
1370 1766 1606 1847 refero,
1653 1789 1737 1833 ne
1781 1767 1852 1833 in
1895 1780 2213 1855 apparatu
2257 1766 2484 1834 critico
2528 1790 2542 1832 ι

740 1872 1033 1961 saepius
1061 1872 1368 1940 citentur:

750 2049 1035 2113 intellego,
1059 2048 1266 2113 neglego
1288 2060 1341 2101 et
1364 2049 1533 2101 uerba
1555 2065 1623 2101 ex
1645 2048 1711 2102 iis
1734 2049 1978 2102 deriuata
2000 2067 2030 2101 a
2053 2049 2243 2101 codice
2263 2049 2316 2102 R
2337 2050 2444 2102 sub
2467 2049 2546 2101 foi

749 2140 927 2205 quia.-
949 2138 1004 2190 A
1023 2149 1214 2190 notam
1234 2137 1417 2201 habet,
1441 2154 1584 2202 quae
1604 2138 1696 2203 qui
1714 2138 1955 2203 intellegi
1975 2149 2176 2203 potem
2197 2138 2250 2191 R
2270 2138 2548 2202 saepissim

753 2228 1052 2294 quoniam.-
1078 2226 1171 2279 SA
1195 2238 1384 2279 notam
1410 2234 1511 2292 quo
1537 2227 1758 2289 habent,
1786 2227 1839 2280 R
1864 2244 2015 2292 quom
2040 2227 2130 2279 uel
2148 2226 2389 2292 quereiam
2408 2238 2550 2292 praet

749 2318 858 2382 qui
893 2333 1018 2369 cum
1055 2315 1278 2367 habent.

749 2405 1032 2459 sextarium
1048 2421 1068 2458 .·
1090 2404 1335 2457 senarius
1358 2403 1417 2457 S.

751 2495 948 2558 uiliea,
982 2492 1205 2546 uilicus.-
1231 2492 1374 2545 m‘lli-
1400 2491 1907 2563 wazflcqyblppcoe.

749 2601 932 2647 umor,
965 2581 1174 2634 rausidus
1194 2593 1318 2634 επακ
1342 2581 1492 2634 }mm·
1515 2581 1706 2646 (A¹)R.

751 2670 1137 2726 praenomina
1176 2686 1208 2722 a
1248 2670 1533 2724 codicibus
1572 2671 1612 2724 S
1639 2681 1693 2723 et
1719 2672 1774 2724 A
1800 2671 2008 2736 integra
2035 2671 2385 2736 praebentur3
2413 2671 2466 2724 R
2492 2670 2555 2723 lit

846 2865 1250 2934 Scribebam
1282 2865 1595 2953 Upsaliae
1626 2888 1853 2933 mense
1884 2866 2135 2933 Martio
2165 2888 2222 2933 a.
2258 2866 2558 2933 MCMLss
