3109 5559
720 212 806 281 96
1311 229 1368 270 L.
1419 227 1541 269 ivm
1591 226 1915 269 nonaum
1962 224 2376 268 corvin-:Luc

717 401 999 461 coretur,
1071 389 1162 449 ita
1233 388 1468 468 peruri,
1526 388 1585 447 si
1645 388 1919 449 nimium
1962 396 2372 458 sterceretur,
2422 386 2771 466 magisque
2822 406 2983 447 con-

715 496 957 558 ducere
1003 494 1336 576 agricolae
1377 494 1751 576 frequenter
1782 495 1848 555 id
1883 494 2106 573 potius
2135 513 2337 574 quam
2368 492 2700 555 inmodice
2734 492 2979 569 facere:

659 619 694 680 3
720 623 843 665 nec
889 603 1185 673 dubium,
1232 602 1389 683 quin
1438 622 1729 683 aquosus
1774 621 1935 683 ager
1982 601 2299 663 maiorem
2346 602 2489 662 eius
2532 601 2824 681 copiam,
2855 603 2984 662 sic·

717 731 833 773 cus
871 712 1192 772 minorem
1225 710 1581 783 desideret,
1628 708 1795 772 alter
1825 708 2007 790 quod
2045 709 2347 770 adsiduis
2376 710 2721 772 umoribus
2748 711 2984 789 rigens

720 819 846 879 hoc
915 818 1216 879 adhibito
1287 816 1635 898 regelatur,
1701 816 1866 878 alter
1934 817 2113 897 quod
2180 836 2299 895 per
2361 836 2436 877 se
2500 828 2737 897 tepens
2796 818 2983 879 sicci·
3006 846 3031 898 3

718 925 968 986 tatibus
1032 925 1160 986 hoc
1226 926 1585 1005 adsumpto
1650 923 2043 1005 largioribus
2108 935 2410 997 torretur,
2475 934 2749 1004 propter
2794 926 2981 1006 quod

655 1049 843 1106 4nec
910 1033 1146 1094 deesse
1216 1032 1274 1093 ei
1326 1031 1523 1094 talem
1584 1032 1924 1093 materiem
1973 1050 2098 1092 nec
2142 1051 2493 1112 superesse
2539 1043 2830 1111 oportet.
2868 1070 2875 1074 -
2928 1034 2982 1092 si

720 1150 942 1200 tamen
992 1137 1240 1201 nullum
1289 1159 1503 1220 genus
1548 1140 1861 1201 stercoris
1905 1151 2240 1219 suppetet,
2273 1150 2343 1200 et
2374 1137 2646 1201 multum
2682 1140 2981 1219 proderit

721 1244 977 1319 secisse,
1026 1248 1206 1327 quod
1255 1247 1552 1309 Marcum
1598 1245 2031 1308 Columellam
2066 1257 2370 1325 patruum
2404 1265 2644 1315 meum.
2679 1246 2983 1309 doctissi-

721 1373 899 1415 mum
947 1365 1014 1415 et
1059 1353 1635 1435 diligentissimum
1669 1352 2047 1434 agricolam,
2082 1372 2287 1435 saepe
2317 1373 2592 1415 numero
2625 1373 2984 1433 usurpasse
3007 1381 3064 1417 ιο

722 1463 1038 1523 memoria
1111 1474 1360 1542 repet0,
1433 1474 1506 1524 ut
1562 1461 1892 1525 sabulosis
1937 1460 2103 1522 locis
2148 1472 2398 1522 cretam
2447 1462 2796 1541 ingereret,
2847 1480 2980 1522 cre·

727 1569 892 1630 tosis
955 1587 1034 1631 ac
1106 1570 1377 1632 nimium
1442 1569 1670 1631 densis
1746 1566 2050 1630 sabulum
2128 1580 2332 1648 atque
2402 1569 2495 1630 ita
2564 1588 2695 1629 non
2763 1568 2981 1629 solum

723 1686 989 1756 segetes
1059 1674 1269 1737 laetas
1313 1677 1657 1747 excitaret,
1706 1695 1932 1736 uerum
1980 1675 2179 1736 etiam
2229 1673 2705 1755 pulcherrimas
2752 1676 2983 1736 uineas

665 1783 1030 1861 §efficeret
1127 1804 1279 1845 nam
1345 1785 1522 1846 idem
1595 1782 1885 1864 negabat
1930 1794 2186 1844 stercus
2230 1782 2477 1846 uitibus
2523 1783 2980 1863 ingerendum,

723 1892 905 1971 quod
975 1910 1282 1971 saporem
1353 1893 1489 1952 uini
1569 1902 2038 1970 corrumperet,
2122 1889 2593 1970 melioremque
2661 1890 2983 1952 censebat
3008 1913 3060 1964 ¹5

721 2017 872 2059 esse
942 1998 1283 2059 materiam
1329 1998 1682 2061 uindemiis
1727 1998 2177 2060 exuberandis
2220 1998 2699 2078 congesticiam
2748 1997 2859 2059 uel
2900 1998 2984 2057 de

725 2104 1040 2185 uepribus
1083 2104 1187 2166 uel
1235 2106 1522 2186 denique
1571 2104 1764 2166 aliam
1813 2104 2179 2186 quamlibet
2226 2105 2609 2165 arcessitam
2650 2115 2720 2166 et
2750 2105 2983 2166 aduec-

726 2224 862 2272 tam
910 2213 1202 2277 humum.
1297 2214 1427 2274 iam
1475 2232 1636 2274 uero
1682 2226 1750 2274 et
1796 2232 1928 2293 ego
1975 2231 2142 2286 reor,
2190 2212 2247 2273 si
2293 2210 2637 2273 deficiatur
2676 2210 2985 2273 omnibus

731 2318 929 2383 rebus
974 2319 1283 2399 agricola,
1332 2319 1537 2400 lupini
1585 2330 1767 2382 certe
1813 2319 2211 2399 praesidium
2244 2319 2817 2398 expeditissimum
2850 2338 2981 2380 nou

731 2427 996 2501 deesse;
1046 2428 1226 2507 quod
1275 2446 1424 2488 cum
1471 2425 1627 2488 exili
1675 2424 1826 2488 loco
1872 2428 2047 2488 circa
2092 2427 2250 2488 Idus
2288 2425 2703 2506 Septembris
2732 2445 3063 2506 sparse-20

733 2535 815 2594 rit
860 2546 926 2595 et
975 2535 1325 2597 inarauerit
1369 2534 1569 2615 idque
1616 2536 2013 2614 tempestiue
2060 2553 2327 2596 uomere
2375 2533 2477 2594 uel
2533 2532 2755 2613 ligone
2786 2534 2986 2595 succi*

667 2640 921 2713 6derit,
972 2642 1103 2703 uim
1152 2642 1445 2722 optimae
1490 2642 1984 2703 stercorationis
2030 2640 2393 2703 exhibebit.
2466 2640 2718 2702 succidi
2766 2651 2984 2702 autem

703 2747 1032 2828 lupinum
1095 2747 1426 2811 sabulosis
1497 2748 1660 2811 locis
1729 2760 2014 2828 oportet,
2083 2768 2235 2810 cum
2302 2748 2666 2809 secundum
2735 2747 2979 2821 florem,

924 2945 942 2978 1
989 2942 1295 2995 §tergeretur
1334 2932 1370 2978 A
1407 2928 1490 2995 (ge
1516 2940 1624 2994 cap.
1652 2940 1699 2981 et
1723 2948 1786 2980 co
1804 2948 1867 2979 ss.
1891 2948 1959 2979 m.
1977 2929 2089 2988 alt.)
2107 2931 2141 2977 S
2166 2941 2471 2980 stercoretur
2489 2933 2532 2978 Β
2679 2943 2708 2979 2
2729 2930 2987 2994 αὰεήοοὶς

736 3016 791 3073 (d
816 3028 923 3081 exp.
953 3037 1017 3067 m.
1046 3017 1157 3076 alt.)
1181 3021 1216 3067 S
1240 3021 1531 3085 adgricolae
1556 3018 1610 3078 (d
1628 3029 1799 3083 postea
1824 3019 1955 3083 cap.)
1979 3022 2018 3067 A
2166 3021 2437 3070 immodice
2457 3020 2577 3068 SAR
2722 3033 2753 3082 3
2778 3019 2983 3068 nubium

738 3111 777 3156 A
816 3111 1008 3158 uiuium
1046 3108 1135 3166 (an
1176 3114 1399 3159 nuuem?
1433 3113 1489 3158 in
1529 3111 1741 3159 dubium
1780 3120 1901 3158 mut.
1941 3126 2005 3157 m.
2034 3106 2145 3165 alt.)
2169 3111 2203 3156 S
2382 3124 2415 3170 4
2442 3111 2579 3158 asuis
2604 3109 2677 3156 SA
2704 3110 2925 3158 assiduis
2948 3111 2988 3155 Β

886 3210 913 3262 5
942 3200 1138 3247 adibito
1174 3200 1211 3246 A
1361 3202 1394 3249 6
1420 3201 1484 3248 ad
1511 3201 1611 3249 hoc
1630 3200 1704 3247 SA
1848 3210 2107 3262 assumpto
2131 3199 2176 3245 R
2191 3202 2419 3262 plerique
2564 3199 2787 3262 largiore
2805 3201 2847 3246 Β

740 3288 999 3336 tolleretur
1021 3289 1096 3336 SA
1245 3302 1272 3351 7
1313 3290 1573 3338 materiam
1612 3291 1656 3335 Β
1664 3291 1892 3353 plerique
2039 3287 2071 3336 8
2107 3305 2270 3353 genus
2292 3291 2365 3336 in.
2394 3305 2495 3335 ras.
2522 3304 2614 3336 scr.
2641 3288 2675 3334 S
2822 3298 2871 3336 et
2895 3303 2985 3336 one.

740 3379 882 3436 SAeq
1030 3394 1062 3439 9
1103 3376 1276 3427 marcii
1314 3380 1387 3426 SA
1427 3381 1500 3428 M.
1537 3382 1581 3427 Β
1724 3380 1993 3428 colomella
2023 3380 2060 3425 S
2096 3379 2366 3427 columella
2406 3378 2441 3424 A
2594 3391 2658 3426 10
2694 3388 2743 3425 et
2782 3378 2989 3441 diligen·

745 3468 992 3516 tissimum
1031 3485 1125 3516 om.
1167 3470 1205 3515 A
1369 3471 1595 3532 agricola
1631 3470 1669 3517 A
1848 3483 1901 3518 11
1945 3470 2208 3532 pabulosis
2245 3470 2319 3515 SA
2483 3467 2687 3516 cretotis
2723 3467 2764 3515 A
2802 3463 2841 3522 (t
2875 3470 2930 3513 in
2968 3482 2989 3511 s

744 3566 865 3603 mut.
908 3574 972 3609 m,
1012 3555 1124 3614 alt.)
1160 3560 1194 3604 S
1346 3572 1406 3606 12
1442 3556 1673 3622 agnimifl
1711 3558 1766 3622 (g
1800 3566 1907 3621 exp.
1935 3568 1983 3607 et
2006 3575 2035 3611 c
2060 3575 2124 3606 ss.
2152 3574 2217 3606 m.
2248 3555 2366 3614 net.)
2391 3558 2426 3604 S
2577 3570 2636 3619 13
2663 3557 2990 3619 pulcerrima

741 3646 794 3699 (h
836 3663 874 3693 s.
916 3663 943 3694 c
981 3664 1072 3694 scr.
1113 3663 1178 3695 m.
1217 3645 1327 3703 alt.)
1364 3649 1398 3694 S
1549 3663 1610 3709 14
1652 3660 1801 3712 negat
1840 3648 1912 3695 Si
1946 3646 2031 3704 (ba
2069 3665 2132 3699 ss.
2170 3664 2235 3696 m.
2263 3646 2377 3705 rec.)
2400 3647 2441 3694 A
2589 3648 2764 3710 ingere
2791 3646 2860 3694 du
2883 3642 2989 3700 (lin.

746 3738 910 3783 παπαί.
960 3753 1022 3783 ss.
1072 3738 1161 3784 all.
1200 3754 1229 3785 e
1267 3754 1329 3784 ss.
1370 3754 1436 3785 m.
1474 3734 1589 3793 rec.)
1626 3738 1665 3785 A
1843 3749 1900 3801 15
1948 3748 2178 3786 censerat
2213 3734 2258 3793 (r
2293 3734 2422 3799 exp.)
2458 3736 2499 3783 A
2538 3744 2743 3785 censeat
2778 3732 2824 3791 (r
2859 3751 2905 3786 s.
2936 3749 2992 3781 ea

745 3842 837 3872 scr.
877 3842 942 3873 m.
983 3823 1097 3882 rec.)
1134 3826 1172 3872 A
1328 3829 1387 3875 16
1427 3828 1794 3891 congestigiam
1833 3828 1907 3875 SA
2061 3841 2119 3888 17
2160 3828 2365 3890 ueprius
2401 3824 2524 3882 (sub.
2554 3833 2640 3888 pr.
2681 3842 2710 3873 u
2750 3825 2932 3883 ras.;b
2956 3840 2990 3870 s.

752 3915 800 3962 iu
840 3932 934 3963 scr.
973 3931 1037 3963 m.
1077 3912 1189 3971 alt.)
1225 3916 1259 3961 8
1297 3917 1515 3979 uaeprius
1552 3917 1591 3964 A
1756 3915 2055 3980 aliqufflibet
2091 3917 2163 3963 SA
2309 3917 2523 3965 aduecta
2560 3916 2599 3961 A
2754 3914 2816 3963 18
2842 3925 2891 3963 et
2925 3912 2994 3960 εἰ

752 4016 801 4052 ut
832 4004 953 4052 SAR
1099 4004 1302 4053 deficiat
1339 4008 1382 4053 Β
1546 4019 1614 4055 2ο
1651 4007 1790 4055 exilii
1829 4007 1938 4055 sola
1973 4007 2047 4053 SA
2192 4007 2369 4054 arserit
2406 4005 2440 4049 S
2476 4002 2558 4067 (sp
2594 4006 2754 4052 adscr.
2796 4021 2859 4052 m.
2888 4000 2994 4053 rec.)

749 4096 788 4141 A
950 4108 1008 4142 21
1070 4093 1329 4143 inaraue'l't
1365 4109 1398 4154 q
1448 4096 1663 4144 inarauit
1699 4089 1962 4143 SAaod²k1
2000 4097 2241 4143 inaruerit
2278 4096 2405 4153 bmp
2444 4092 2642 4142 inaru‘i‘t
2680 4093 2717 4140 ὅ.
2755 4093 2995 4153 inaruauit

745 4177 804 4230 «1¹
847 4182 1003 4232 Tarass
1043 4198 1070 4230 s
1216 4186 1498 4233 succederit
1534 4187 1574 4232 A
1609 4182 1708 4248 (pr.
1748 4201 1777 4233 e
1813 4188 1868 4233 in
1904 4202 1921 4248 J
1963 4194 2083 4233 mut.
2125 4201 2188 4232 m.
2229 4183 2339 4239 alt.)
2375 4186 2408 4230 S
