3109 5559
1045 362 1145 404 REI
1193 359 1498 404 RVSTICAE
1544 360 1661 404 ΠΒ.
1711 361 1728 402 1
1766 372 1949 409 ωηεν.
2231 395 2241 405 .
2607 360 2671 405 11

414 544 485 584 se
536 525 609 584 in
664 523 790 584 hac
838 522 1115 584 scientia
1164 520 1527 601 perfectum
1579 520 1759 583 uolet
1806 521 2115 602 profiteri,
2165 522 2250 583 sit
2295 535 2559 603 oportet
2593 543 2680 582 re·

416 651 559 691 rum
632 640 905 691 naturae
950 629 1434 709 sagacissimus,
1484 627 2002 691 declinationum
2052 629 2276 690 mundi
2325 649 2454 691 non
2505 631 2682 710 igna-

418 758 546 810 rus,
627 749 697 798 ut
755 735 1172 816 exploratum
1220 735 1482 810 habeat,
1532 735 1690 817 quid
1739 736 1975 815 cuique
2025 734 2262 816 plagae
2309 738 2678 810 conueniat,

415 846 582 927 quid
647 854 990 924 repugnet.
1041 843 1327 905 siderum
1376 852 1561 904 ortus
1606 853 1672 904 et
1720 862 1995 904 occasus
2042 844 2358 904 memoria
2407 855 2680 924 repetat,

364 972 499 1032 sne
548 952 880 1014 imbribus
929 952 1272 1031 uentisque
1305 939 1773 1012 inminentibus
1820 970 2023 1031 opera
2068 951 2335 1013 inchoet
2365 950 2682 1014 laborem·

416 1080 548 1142 que
629 1059 991 1121 frustretur.
1064 1057 1226 1120 caeli
1297 1069 1364 1119 et
1434 1058 1588 1119 anni
1659 1058 2025 1137 praesentis
2075 1077 2289 1120 mores
2338 1059 2680 1132 intueatur,
2709 1076 2785 1138 23

418 1187 645 1249 neque
708 1167 884 1228 enim
931 1185 1194 1245 semper
1240 1164 1522 1227 eundem
1573 1163 1752 1226 uelut
1798 1185 1885 1225 ex
1933 1166 2340 1252 praescripto
2389 1166 2682 1228 habitum

418 1285 685 1355 gerunt,
761 1292 885 1335 nec
955 1273 1260 1334 omnibus
1317 1273 1508 1333 annis
1556 1271 1795 1332 eodem
1844 1271 2029 1334 uultu
2079 1273 2259 1334 uenit
2306 1285 2526 1335 aestas
2575 1287 2684 1336 aut

418 1383 660 1455 hiemS,
715 1400 839 1441 nec
890 1379 1179 1460 pluuium
1212 1398 1477 1459 semper
1507 1391 1613 1441 est
1646 1398 1761 1439 uer
1793 1391 1906 1440 aut
1940 1379 2232 1440 umidum
2266 1390 2680 1452 autumnum;

338 1521 397 1554 ιο
418 1508 599 1569 quae
648 1506 1087 1569 praenoscere
1131 1487 1270 1547 sine
1319 1485 1560 1547 lumine
1609 1486 1804 1547 animi
1854 1499 1920 1546 et
1966 1486 2109 1547 sine
2155 1487 2685 1567 exquisitissimis

420 1594 799 1675 disciplinis
877 1614 1007 1655 non
1086 1613 1485 1674 quemquam
1557 1613 1754 1674 posse
1825 1593 2235 1655 crediderim.
2340 1595 2466 1656 iam
2541 1596 2686 1676 ipsa

422 1717 643 1764 terrae
720 1702 1004 1763 uarietas
1060 1713 1127 1763 et
1174 1701 1488 1781 cuiusque
1537 1699 1659 1761 soli
1710 1700 1972 1763 habitus
2020 1700 2175 1781 quid
2226 1702 2418 1763 nobis
2467 1717 2682 1782 neget,

420 1810 586 1891 quid
636 1809 1001 1889 promittat,
1036 1828 1394 1888 paucorum
1429 1818 1532 1869 est
1564 1807 1953 1882 discernere,
2019 1807 2495 1890 contemplatio
2530 1830 2686 1871 uero
2711 1826 2794 1884 24

421 1927 821 1979 cunctarum
871 1917 933 1977 in
984 1935 1064 1976 ea
1110 1913 1459 1995 disciplina
1508 1916 1794 1995 partium
1835 1926 2084 1995 quanto
2117 1917 2353 1995 cuique
2385 1917 2684 1996 contigit,

342 2058 399 2104 ¹5
421 2037 492 2086 ut
567 2036 637 2086 et
710 2034 1011 2103 segetum
1081 2024 1580 2103 arationumque
1651 2023 2016 2104 perciperet
2088 2043 2275 2084 usum
2340 2035 2407 2085 et
2473 2025 2687 2085 uarias

421 2129 1033 2211 dissimillimasque
1098 2141 1409 2191 terrarum
1477 2131 1738 2210 species
1809 2143 2231 2210 pernosceret
2279 2163 2360 2171 —
2411 2149 2684 2211 quarum

424 2260 558 2301 non
611 2236 831 2300 nullae
877 2236 1118 2312 colore,
1169 2257 1299 2298 non
1342 2235 1555 2299 nullae
1588 2235 1904 2317 qualitate
1938 2235 2183 2310 fallunt,
2219 2247 2415 2317 atque
2449 2238 2509 2299 in
2547 2237 2687 2300 aliis

426 2346 816 2426 regionibus
885 2345 1072 2425 nigra
1141 2356 1332 2420 terra,
1405 2363 1606 2425 quam
1664 2343 1905 2425 pullam
1956 2357 2217 2419 uocant,
2268 2357 2339 2407 ut
2386 2346 2448 2406 in
2500 2344 2686 2407 Cam·

424 2455 647 2533 pania,
707 2464 809 2513 est
857 2451 1223 2523 laudabilis,
1276 2453 1337 2512 in
1390 2451 1490 2513 his
1539 2452 1805 2532 pinguis
1852 2450 2098 2513 lubrica
2147 2451 2379 2513 melius
2420 2473 2686 2532 respon·

336 2560 560 2632 nodet,
613 2559 1008 2641 quibusdam
1057 2560 1226 2621 sicut
1274 2560 1337 2620 in
1388 2558 1617 2621 Africa
1665 2558 2109 2640 Numidiaque
2144 2573 2369 2640 putres
2402 2560 2685 2622 harenae

425 2666 841 2728 fecunditate
920 2664 1024 2727 uel
1105 2667 1632 2729 robustissimum
1711 2665 1925 2728 solum
2006 2667 2294 2741 uincunt,
2377 2668 2438 2729 in
2520 2667 2685 2729 Asia

425 2773 786 2854 Mysiaque
856 2773 1063 2835 densa
1133 2785 1201 2835 et
1271 2773 1601 2854 glutinosa
1663 2785 1833 2835 terra
1891 2774 2176 2835 maxime
2233 2774 2554 2835 exuberat
2602 2809 2686 2816 -

428 2894 637 2962 atque
686 2882 750 2942 in
802 2879 902 2941 his
950 2882 1112 2961 ipsis
1159 2880 1433 2943 haberet
1481 2882 1842 2962 cognitum,
1892 2880 2052 2961 quid
2101 2894 2432 2943 recusaret
2480 2880 2682 2954 collis
2713 2897 2787 2960 25

427 2989 589 3069 quid
663 2989 1053 3068 campestris
1124 2989 1387 3069 positio,
1447 2988 1606 3069 quid
1655 2987 1886 3061 cultuS,
1936 2989 2092 3067 quid
2142 2986 2461 3050 siluestris
2506 3009 2684 3069 ager,

343 3127 409 3173 25
430 3096 593 3176 quid
629 3094 893 3157 umidus
924 3107 992 3157 et
1023 3096 1458 3175 graminosus,
1494 3095 1652 3175 quid
1687 3095 1902 3156 siccus
1934 3107 2001 3157 et
2033 3114 2332 3175 spurcus„
2369 3097 2684 3158 rationem

427 3223 700 3284 quoque
770 3201 1128 3283 dispiceret
1190 3213 1256 3264 et
1314 3203 1375 3263 in
1429 3203 1773 3264 arboribus
1822 3204 2182 3283 uineisque,
2233 3223 2503 3284 quarum
2555 3203 2688 3264 infi-

432 3311 576 3371 nita
647 3322 800 3371 sunt
869 3329 1134 3389 genera,
1196 3312 1623 3372 conserendis
1671 3331 1748 3372 ac
1799 3310 2060 3371 tuendis
2108 3323 2173 3372 et
2222 3311 2283 3372 in
2335 3311 2688 3390 pecoribus

625 3631 642 3662 1
686 3593 939 3677 copsit'eri
978 3614 1065 3673 (eo
1103 3617 1234 3678 exp.)
1271 3619 1312 3665 A
1466 3628 1498 3674 3
1538 3616 1649 3675 quit
1687 3615 1728 3672 (t
1754 3618 1806 3663 in
1836 3618 1866 3663 d
1895 3615 2043 3672 mut.)
2067 3617 2101 3664 8
2248 3631 2277 3675 5
2305 3615 2689 3663 imminentibus

428 3706 553 3754 SAR
688 3705 900 3752 incohet
924 3710 967 3753 R
986 3705 1212 3767 plerique
1343 3719 1378 3765 9
1404 3704 1608 3765 hiemps
1627 3705 1685 3766 (p
1711 3707 1840 3768 exp.)
1861 3708 1897 3753 A
2034 3706 2277 3753 humidus
2303 3712 2580 3752 autumnus
2602 3706 2691 3753 mr»

586 3808 644 3841 ιι
688 3809 983 3854 quenquam
1021 3795 1103 3841 uel
1137 3793 1395 3854 quequam
1438 3798 1480 3842 R
1635 3810 1694 3852 ¹4
1735 3806 1928 3855 quanto
1967 3791 2103 3843 SAd¹
2142 3795 2351 3855 quando
2387 3797 2445 3842 εδ
2482 3794 2607 3854 quid
2649 3797 2691 3841 R

429 3891 599 3944 quoto
641 3882 890 3931 Gesnerus
925 3888 971 3930 et
1006 3882 1313 3947 Maduujgius
1341 3881 1571 3945 forsitan
1612 3889 1732 3931 recte
1899 3885 2113 3947 contigit
2150 3880 2246 3945 (1¹1)
2285 3884 2535 3944 contingit
2571 3885 2690 3932 SAR

587 3975 654 4021 16
680 3987 901 4032 quorum
931 3974 1036 4021 ΒΑΕ
1194 3975 1255 4021 ι8
1292 3973 1344 4020 in
1384 3974 1654 4034 campania
1690 3982 1771 4021 est
1809 3982 1862 4022 et
1899 3975 2122 4023 maxime
2160 3974 2209 4022 in
2249 3980 2426 4022 monte
2465 3973 2690 4020 sumonis

430 4062 713 4110 laudabilis
750 4078 785 4124 p
952 4078 1014 4122 19
1051 4064 1101 4110 in
1141 4064 1220 4112 his
1257 4061 1365 4113 §Ab
1406 4064 1455 4110 in
1504 4063 1618 4111 aliis
1656 4067 1699 4112 R
1863 4065 2068 4112 rubrica
2106 4059 2164 4110 «1ι
2328 4079 2397 4111 20
2435 4060 2690 4111 Numidia·

433 4168 540 4212 qne
588 4153 795 4215 scripsi:
836 4153 1061 4201 numidia
1098 4156 1184 4202 AB
1222 4153 1289 4200 n‘ii
1329 4154 1431 4201 idi·
1470 4147 1523 4209 (⁸
1563 4169 1693 4201 tras.
1733 4157 1780 4199 et
1815 4156 1883 4214 mj
1918 4162 2013 4216 pro
2052 4154 2065 4201 i
2104 4169 2199 4201 scr.
2239 4168 2310 4199 m.
2351 4151 2462 4208 alt.)
2497 4155 2531 4200 S

430 4257 495 4300 24
548 4243 835 4302 camputis
871 4242 918 4298 (r
953 4258 1020 4290 ss.
1060 4256 1130 4290 m.
1169 4245 1282 4300 rec.)
1318 4245 1357 4291 A
1540 4244 1784 4290 siluester
1822 4258 1849 4291 s
1887 4243 2150 4304 syluester
2185 4246 2217 4290 ὅ
2398 4257 2465 4302 25
2505 4243 2614 4302 quit
2652 4249 2691 4296 (t

432 4333 485 4377 in
535 4332 569 4377 d
622 4329 776 4390 mut.)
822 4332 1047 4379 tumidus
1085 4335 1118 4380 S
1165 4333 1286 4392 quid
1335 4333 1564 4380 tumidus
1611 4333 1664 4388 (h
1711 4349 1751 4379 s,
1802 4340 1821 4378 t
1869 4348 1937 4378 m.
1980 4333 2092 4384 rec.)
2129 4334 2168 4380 A
2207 4332 2329 4392 quid
2370 4331 2609 4379 humidus
2649 4334 2690 4379 R

220 4719 223 4788 l
