3109 5559
1678 397 2051 444 PRAEFATIO

719 578 921 639 saepe
959 560 1234 621 formam
1272 565 1620 632 mutatam,
1645 579 1813 640 quae
1836 559 2061 622 eadem
2085 578 2233 622 cum
2256 560 2456 622 uerbo
2478 579 2656 621 moue

732 667 1168 746 componitur.

814 772 1021 834 Nemo
1046 778 1266 834 autem
1292 772 1512 834 credat
1539 792 1642 834 me
1668 778 1897 853 putare
1923 773 2046 835 hoc
2069 773 2264 835 modo
2288 773 2588 835 omnibus
2610 774 2657 835 1<

721 879 1295 959 orthographicum
1345 879 1733 941 Columellae
1783 898 1824 941 a
1871 898 1975 941 me
2023 879 2349 942 obseruari
2399 897 2603 960 posse:
2655 903 2656 908 ¹

724 991 952 1047 autem
994 985 1312 1047 rationem
1356 985 1719 1065 excogitare
1763 1004 1893 1047 non
1936 1004 2217 1065 possum.
2264 986 2536 1048 Necesse
2579 1005 2657 1066 qu

723 1098 920 1154 caute
958 1097 1026 1153 et
1066 1091 1403 1172 diligenter
1440 1091 1548 1153 his
1588 1092 1655 1153 in
1694 1092 1887 1154 rebus
1926 1092 2265 1172 procedere
2304 1099 2373 1154 et
2413 1111 2657 1154 omnem

726 1216 844 1278 per
888 1217 958 1260 se
1005 1197 1310 1260 iudicare.
1360 1198 1579 1260 Vnum
1626 1199 1992 1278 exemplum
2042 1199 2262 1260 affero.
2314 1199 2476 1261 Cum
2524 1199 2654 1260 alib

722 1304 893 1366 libro
928 1303 1092 1366 VIII
1129 1305 1306 1367 haud
1340 1323 1486 1366 raro
1519 1305 1792 1367 uerbum
1829 1304 2007 1385 quod
2039 1310 2138 1367 est
2171 1304 2403 1366 reditus
2437 1323 2627 1367 sensu

722 1410 985 1473 dictum
1031 1410 1488 1492 (nEinkiinftffl)
1533 1411 1915 1473 inuenimus.
1961 1412 2163 1491 Saepe
2203 1411 2270 1473 in
2310 1411 2637 1474 codicibus

723 1517 907 1578 ribus
939 1517 1069 1579 duo
1099 1517 1141 1578 d
1169 1517 1462 1597 legimus,
1496 1523 1747 1579 ueteres
1778 1523 1998 1580 autem
2030 1536 2161 1579 uno
2192 1518 2327 1579 solo
2358 1518 2499 1580 loco
2530 1537 2657 1580 ean

724 1624 1041 1703 praebent
1104 1623 1185 1703 (8,
1203 1641 1257 1696 1,
1273 1640 1309 1685 2
1370 1622 1719 1702 redditum).
1782 1624 1971 1686 Hanc
2017 1623 2290 1685 formam
2335 1643 2657 1705 quamqua

718 1729 1184 1810 scriptionibus
1218 1736 1285 1792 et
1321 1729 1481 1792 alibi
1515 1729 1789 1809 reperire
1823 1749 2163 1810 possumus
2202 1730 2287 1811 (u.
2326 1750 2380 1792 e.
2417 1749 2509 1810 gr.
2547 1732 2657 1792 lex·

718 1836 937 1898 cellini
962 1855 1012 1897 s.
1026 1835 1142 1916 u.),
1167 1842 1388 1898 tamen
1409 1855 1450 1897 a
1471 1836 1690 1898 codice
1712 1836 1755 1898 S
1778 1836 2107 1898 discedens
2129 1837 2251 1899 hoc
2272 1855 2403 1900 uno
2425 1838 2565 1899 loco
2587 1856 2657 1899 nc

720 1942 1104 2023 praesertim
1136 1961 1285 2005 cum
1308 1943 1487 2022 apud
1507 1943 1850 2023 scriptores
1872 1943 2157 2005 eiusdem
2182 1943 2417 2005 aetatis
2440 1962 2570 2005 non
2589 1944 2656 2004 in

811 2049 973 2111 Cum
1000 2049 1391 2112 uariationes
1417 2068 1581 2130 quas
1608 2049 1857 2112 codices
1882 2050 1949 2110 in
1978 2049 2200 2111 formis
2226 2068 2374 2111 cum
2402 2068 2657 2130 praepos

718 2155 1104 2236 compositis
1149 2156 1482 2235 praebent,
1531 2163 1676 2217 tum
1724 2156 1883 2218 alias
1929 2155 2391 2236 discrepantias
2437 2156 2622 2236 parui

718 2280 897 2341 quae
944 2262 1030 2324 ad
1077 2262 1603 2342 orthographiam
1637 2262 1962 2342 pertinent
1996 2262 2063 2323 in
2098 2268 2418 2342 apparatu
2452 2263 2656 2325 critic<

720 2367 886 2440 taui:
915 2368 1093 2430 nulla
1108 2368 1324 2448 igitur,
1346 2368 1508 2430 duce
1528 2368 2006 2441 Lundstromio,
2026 2368 2505 2449 discrepantiae
2523 2370 2657 2449 scri]

723 2493 780 2547 e,
809 2493 881 2547 ω,
911 2495 961 2551 e,
985 2494 1039 2535 ω
1071 2475 1261 2555 (quae
1287 2475 1663 2555 praesertim
1689 2475 1756 2536 in
1783 2475 1841 2536 A
1868 2475 2400 2555 confunduntur),
2429 2482 2495 2538 et
2522 2495 2586 2537 m
2617 2494 2655 2537 a

715 2599 765 2660 q
797 2581 886 2660 (in
912 2581 1287 2661 plerumque,
1317 2581 1624 2661 utrimque
1650 2587 1716 2644 et
1745 2581 1886 2643 aliis
1912 2580 2147 2661 uerbis)
2178 2582 2347 2644 ratio
2374 2582 2601 2644 habita
2627 2602 2657 2643 e

720 2687 930 2749 :falsae
986 2687 1054 2748 in
1093 2687 1419 2749 codicibus
1458 2688 1802 2750 uerborum
1842 2687 2293 2761 distinctioniS‚
2335 2688 2456 2750 nisi
2494 2708 2657 2750 norm

723 2794 800 2854 in
826 2794 981 2856 locis
1006 2800 1083 2856 ut
1108 2794 1204 2856 ita
1229 2794 1441 2857 dicam
1469 2794 1724 2867 criticiS,
1752 2795 1866 2857 ubi
1892 2795 2090 2856 etiarn
2117 2794 2498 2875 quisquiliae
2525 2795 2655 2856 huit

722 2900 818 2962 ad
859 2906 1114 2963 textum
1159 2900 1686 2963 constituendum
1728 2903 1942 2963 ualere
1985 2908 2273 2981 possunt.
2321 2901 2655 2963 Variation

717 3006 1066 3087 graphicas
1086 3007 1380 3069 codicum
1401 3008 1849 3080 recentiorum,
1873 3027 2041 3088 quae
2063 3008 2300 3069 nullius
2321 3008 2452 3070 fere
2473 3027 2652 3070 mom⁴

720 3113 1036 3193 plurimas
1055 3113 1259 3187 omisi,
1282 3114 1577 3176 codicum
1597 3120 1891 3176 ueterum
1913 3114 2274 3177 accuratius
2293 3115 2538 3177 notaui.
2564 3115 2653 3176 Lu

714 3226 802 3281 ut
827 3219 984 3281 mihi
1011 3220 1288 3293 uidetur,
1317 3220 1531 3282 nimiis
1555 3221 1748 3282 rebus
1772 3220 1962 3282 huius
1985 3220 2242 3301 generis
2269 3228 2651 3301 apparatum

725 3325 851 3388 tim
886 3326 1194 3388 librorum
1226 3326 1319 3388 VI
1356 3333 1423 3389 et
1455 3327 1608 3400 V11,
1645 3327 1956 3389 onerauit.

808 3433 889 3494 In
939 3432 1202 3513 uirgulis
1256 3439 1323 3495 et
1370 3433 1511 3495 aliis
1566 3433 2291 3512 interpunctionis
2346 3433 2617 3514 signis

717 3539 1063 3612 rationem,
1089 3558 1257 3619 quae
1288 3540 1793 3620 »psychologicm
1823 3540 1946 3602 dici
1980 3545 2216 3620 potest,
2243 3540 2461 3620 potius
2486 3540 2649 3601 adhi1

720 3664 914 3707 usum
961 3645 1427 3708 Germanorum
1476 3647 1568 3727 (et
1612 3646 2007 3726 Suecorum),
2056 3646 2168 3727 qui
2211 3647 2380 3726 leges
2422 3647 2647 3726 logica<

715 3751 1278 3814 enuntiationibus
1310 3752 1778 3832 distinguendis
1810 3758 2186 3833 sequuntur.
2226 3753 2369 3815 Hoc
2401 3753 2573 3815 enim
2606 3773 2647 3813 n

718 3857 892 3938 pius,
938 3864 1013 3920 ut
1055 3858 1332 3932 uidetur,
1377 3859 1463 3921 ad
1501 3878 1691 3920 usum
1734 3866 2073 3922 auctorum
2113 3859 2530 3940 antiquorum
2570 3878 2646 3922 ac

808 4039 828 4071 ¹
869 4038 1013 4089 Vide
1044 4041 1371 4104 praesertim
1407 4041 1479 4090 K.
1516 4041 1724 4105 Ziegler
1756 4042 1813 4091 in
1846 4042 2193 4106 praefatione
2225 4041 2484 4091 editionis
2518 4042 2643 4092 libri

713 4126 989 4177 Materno
1013 4129 1224 4192 scripti,
1251 4129 1351 4194 qui
1375 4130 1456 4179 De
1481 4144 1652 4179 errore
1677 4130 2032 4194 profanarum
2056 4130 2375 4194 religionum
2400 4131 2643 4181 inscribit

725 4229 888 4280 1907,
915 4230 971 4281 p.
1000 4216 1141 4266 XIV
1163 4231 1286 4282 sqq.
1311 4220 1372 4267 et
1396 4218 1465 4268 N.
1494 4218 1560 4268 Ο.
1588 4219 1827 4277 Nilsson,
1867 4219 2162 4269 Metrische
2203 4218 2641 4269 Stildiiferenzen

714 4305 868 4354 tiren
903 4305 1002 4355 des
1026 4305 1230 4364 Horaz,
1255 4306 1514 4371 Vpsaliae
1543 4320 1694 4370 1952,
1719 4322 1774 4373 p.
1805 4321 1901 4356 122
1925 4322 2049 4372 sqq.
