3109 5559
838 246 952 291 REI
985 245 1306 291 RVSTICAE
1338 245 1467 291 LIB.
1502 246 1627 292 VIII
1659 246 1716 292 C.
1756 247 1956 308 11-13
2428 246 2508 311 45

244 427 452 470 anser
483 408 823 489 praecipue
856 408 1109 470 rusticis
1140 416 1362 487 gratus
1394 415 1512 481 est,
1548 408 1725 487 quod
1757 428 1874 470 nec
1906 408 2259 470 maximam
2291 429 2511 471 curam

254 515 492 595 poscit,
548 521 614 577 et
665 515 1081 576 sollertiorem
1132 514 1493 576 custodiam
1543 533 1743 593 quam
1794 515 1969 576 canis
2020 516 2304 594 praebet.
2359 535 2512 577 nam
2531 524 2567 569 2

250 621 557 701 clangore
600 621 813 702 prodit
858 621 1288 693 insidiantem,
1333 621 1497 682 sicut
1541 621 1740 682 etiam
1783 621 2090 683 memoria
2132 622 2400 684 tradidit
2445 622 2511 683 in

250 728 593 790 obsidione
644 727 939 808 Capitoli,
993 746 1142 790 cum
1191 727 1547 789 aduentum
1599 728 1928 789 Gallorum
1965 727 2354 790 uociferatus
2388 736 2510 801 est,

197 854 232 903 5
257 834 532 896 canibus
559 833 912 896 silentibus,

345 941 412 1002 Is
451 947 671 1002 autem
710 960 841 1002 non
880 940 1119 1020 ubique
1160 940 1381 1001 haberi
1419 947 1657 1020 potest,
1698 946 1773 1002 ut
1814 940 2143 1003 existimat
2184 940 2509 1003 uerissime

256 1047 498 1119 CelsuS,
529 1047 642 1126 qui
668 1047 757 1109 sic
785 1047 897 1109 ait:
928 1065 1151 1108 anser
1185 1065 1428 1126 neque
1464 1047 1626 1108 sine
1663 1065 1864 1126 aqua
1898 1065 2033 1108 nec
2068 1047 2230 1109 sine
2267 1047 2513 1109 multa

254 1152 495 1214 herba
528 1153 757 1215 facile
786 1154 1240 1224 sustinetur,
1271 1172 1515 1232 neque
1544 1152 1767 1215 utilis
1800 1160 1914 1214 est
1945 1153 2135 1215 locis
2164 1154 2509 1226 consitis,

257 1259 442 1338 quia
511 1259 882 1339 quicquid
963 1265 1309 1321 tenerum
1391 1259 1838 1340 contingere
1906 1265 2166 1339 potest
2235 1260 2506 1340 carpit.

153 1386 233 1421 ιο
255 1365 509 1427 sicubi
565 1385 746 1428 uero
807 1366 1093 1428 flumen
1153 1372 1285 1427 aut
1346 1366 1559 1427 lacus
1617 1373 1732 1428 est
1792 1365 2226 1446 herbaeque
2287 1366 2568 1447 copia3

254 1491 504 1551 neque
569 1471 794 1534 nimis
857 1472 1078 1534 iuxta
1142 1478 1357 1534 satae
1422 1472 1700 1551 fruges,
1767 1472 1845 1534 id
1907 1491 2210 1552 quoque
2273 1492 2510 1553 genus

248 1579 757 1641 nutriendum
801 1586 937 1641 est.
974 1578 1151 1659 quod
1183 1579 1381 1641 etiam
1415 1598 1533 1640 nos
1568 1578 1773 1640 facere
1806 1597 2155 1651 censemuS,
2192 1599 2322 1641 non
2356 1579 2511 1659 quia

252 1686 477 1765 magni
503 1686 591 1747 sit
620 1685 887 1758 fructus,
916 1686 1030 1747 sed
1056 1686 1209 1765 quia
1235 1685 1485 1747 minimi
1511 1687 1738 1748 oneris.
1767 1693 1838 1747 at
1865 1692 2084 1747 tamen
2114 1692 2400 1764 praestat
2428 1704 2509 1746 ex

258 1811 329 1853 se
359 1793 568 1872 pullos
598 1799 805 1871 atque
827 1793 1135 1872 plumam,
1170 1811 1368 1871 quam
1397 1810 1548 1863 non,
1582 1798 1657 1854 ut
1688 1792 1755 1854 in
1786 1792 2016 1854 ouibus
2046 1793 2282 1865 lanam,
2315 1792 2510 1854 semel

156 1919 239 1969 15
256 1898 600 1970 demetere,
629 1899 743 1960 sed
767 1898 869 1960 bis
894 1917 1085 1970 anno,
1114 1917 1262 1960 uere
1288 1906 1353 1960 et
1382 1905 1717 1970 autumno,
1745 1899 1977 1961 uellere
2003 1898 2169 1960 licet.
2200 1906 2397 1978 atque
2423 1899 2510 1960 ob

253 2006 376 2066 has
414 2005 675 2084 quidem
723 2024 968 2077 causas,
1009 2005 1063 2067 si
1100 2005 1419 2084 permittit
1460 2006 1744 2066 locorum
1783 2005 2087 2077 conditi0,
2127 2006 2232 2066 uel
2269 2024 2509 2085 paucos

254 2110 484 2190 utique
540 2117 796 2191 oportet
852 2111 1122 2173 educare
1179 2111 1569 2190 singulisque
1625 2099 1910 2173 maribus
1964 2118 2181 2173 ternas
2236 2111 2509 2173 feminas

257 2217 580 2279 destinare
614 2253 698 2263 —
731 2237 885 2279 nam
920 2224 1184 2298 propter
1216 2217 1605 2297 grauitatem
1641 2217 1840 2297 pluris
1873 2217 2031 2279 inire
2066 2237 2196 2279 non
2233 2223 2504 2298 possunt

252 2358 358 2395 —,
410 2324 565 2403 quin
615 2323 814 2386 etiam
862 2323 928 2385 in
954 2323 1353 2401 ·<f>rutectis
1400 2323 1568 2385 circa
1615 2324 1903 2385 chortem
1952 2324 2210 2386 secretis
2258 2324 2508 2404 angulis

153 2451 234 2487 20
253 2430 448 2491 haras
476 2430 703 2504 facere,
734 2430 802 2491 in
829 2430 1064 2510 quibus
1092 2429 1382 2492 cubitent
1413 2436 1478 2492 et
1508 2430 1680 2492 fetus
1708 2430 1820 2491 ubi
1848 2430 2066 2493 edant.

329 2571 430 2620 2-5
463 2561 545 2622 cfr
591 2560 741 2610 Ptin.
774 2564 885 2610 nat.
919 2573 1007 2618 ιο,
1044 2572 1115 2621 51
1160 2565 1209 2609 et
1254 2559 1474 2610 Aelian.
1509 2573 1597 2619 12,
1618 2572 1690 2622 33
1871 2572 2003 2623 7-11
2041 2559 2255 2610 Pallad.
2290 2572 2450 2622 1,30,
2471 2573 2507 2609 1

477 2661 645 2710 14—15
679 2650 760 2711 cfr
787 2648 938 2699 Ptin.
974 2653 1085 2699 nat.
1120 2662 1207 2707 Io,
1229 2661 1299 2711 53

333 2768 356 2803 1
392 2756 638 2805 rusticus
667 2763 703 2812 p
897 2768 927 2803 2
959 2755 1303 2804 solertiorem
1333 2750 1385 2805 Β
1414 2755 1617 2821 aliquot
1806 2755 2039 2820 praebet
2070 2769 2242 2819 quam
2272 2755 2428 2805 canis
2455 2750 2507 2805 Β

472 2857 503 2906 3
536 2843 797 2908 glangore
836 2838 893 2893 8¹
1109 2845 1282 2893 etiam
1325 2838 1508 2893 SAnoo
1553 2848 1612 2893 et
1642 2839 1694 2894 Β
1909 2844 2178 2895 memoria
2207 2838 2293 2894 SA

252 2948 290 2996 4
321 2933 572 2997 capitolii
600 2927 652 2982 Β
865 2933 1146 2983 aduentus
1177 2927 1201 2981 t
1416 2946 1447 2994 5
1479 2934 1775 2984 silentibus
1806 2948 1907 2982 om.
1941 2927 2027 2983 BA

329 3022 363 3070 6
392 3021 479 3071 his
511 3015 562 3068 A
590 3025 639 3071 et
666 3016 718 3071 Β
749 3021 952 3087 aliquot
1130 3022 1459 3071 existimant
1490 3016 1541 3069 A
1741 3034 1772 3085 7
1800 3035 1983 3087 neque
2012 3017 2064 3072 Β
2092 3022 2298 3087 aliquot

250 3110 441 3160 multa
472 3126 574 3160 om.
608 3108 739 3179 91111
953 3125 988 3170 9
1018 3110 1277 3175 quicquit
1307 3105 1382 3158 A²
1597 3114 1856 3161 tenerum
1898 3106 1950 3161 Β
1990 3124 2176 3160 rerum
2206 3105 2292 3161 SA

247 3200 540 3263 contigere
569 3194 605 3249 8
870 3213 934 3248 10
965 3200 1045 3250 sic
1094 3200 1212 3261 ubi]
1265 3200 1362 3249 sed
1413 3200 1511 3250 ubi
1559 3199 1689 3268 9:11¹
1737 3201 1817 3251 sic
1865 3214 1999 3250 uero
2043 3200 2140 3250 ubi
2183 3207 2247 3249 οι

258 3301 320 3336 11
355 3302 459 3339 nec
487 3282 539 3337 Β
568 3288 771 3353 aliquot
985 3288 1161 3337 nimix
1191 3283 1250 3338 8¹
1280 3289 1465 3338 minus
1494 3285 1596 3346 819
1784 3293 1934 3338 sater
1963 3283 2014 3336 A
2189 3288 2248 3338 id
2279 3303 2503 3354 quoque

245 3390 429 3440 genus
461 3392 563 3426 om.
595 3370 681 3426 SA
896 3383 1015 3443 post
1045 3391 1218 3441 genus
1250 3378 1371 3427 add.
1405 3378 1590 3427 minus
1623 3384 1689 3447 φ
1910 3390 1972 3426 12
2005 3392 2108 3427 nos
2137 3393 2240 3427 om.
2274 3387 2327 3426 w

260 3478 325 3526 13
356 3465 494 3514 nimi
525 3458 633 3514 8A¹
829 3465 1054 3515 honeris
1085 3461 1137 3516 Β
1166 3465 1372 3531 aliquot
1550 3481 1618 3518 ac
1647 3461 1733 3517 SA
1951 3480 2015 3530 14
2045 3467 2239 3530 atque]
2275 3471 2376 3517 aut
2406 3466 2503 3516 118¹

468 3555 722 3617 plumam
752 3570 853 3604 om.
886 3548 960 3604 A¹
989 3555 1242 3619 pluuiam
1274 3539 1338 3623 ψ
1369 3556 1622 3619 pulmam
1646 3564 1678 3605 ο
1839 3559 1906 3605 ut
1929 3572 2030 3607 om.
2056 3550 2107 3603 A
2129 3556 2215 3605 uti
2240 3540 2342 3624 ψδ

246 3643 312 3692 in
345 3658 447 3692 om.
482 3627 546 3711 ψ
751 3656 813 3705 15
846 3644 1126 3693 demetere
1156 3644 1253 3693 sed
1283 3639 1371 3694 ΒΒ
1398 3644 1708 3694 demeteres
1737 3649 1795 3694 et
1826 3639 1877 3692 A
2073 3645 2139 3693 16
2168 3645 2425 3697 condicio
2453 3640 2504 3693 A

250 3735 304 3781 et
331 3725 383 3780 Β
413 3731 615 3797 aliquot
810 3746 1020 3797 paucas
1050 3739 1206 3788 ssoexv
1425 3747 1490 3792 19
1520 3734 1657 3797 quin
1688 3737 1748 3782 et
1776 3734 1951 3783 etiam
1980 3727 2066 3783 SA
2243 3733 2502 3785 frutectis

254 3821 416 3870 Schn.
449 3821 510 3870 in
541 3836 727 3871 comm.
759 3825 809 3870 et
839 3813 1147 3884 Onnersors,
1182 3823 1394 3872 Eranos
1425 3835 1583 3886 1954,
1617 3828 1672 3887 p.
1695 3836 1824 3887 217:
1853 3823 2090 3873 rutectis
2112 3816 2198 3872 SA
2219 3819 2276 3872 al
2304 3824 2361 3872 in
2385 3824 2502 3873 ruri

251 3909 421 3959 tectis
468 3903 530 3957 h·
578 3909 807 3974 (marg.);
838 3916 957 3975 post
986 3911 1240 3961 chortem
1269 3917 1383 3975 pos.
1416 3912 1660 3975 protecti
1690 3913 1805 3960 sint
1838 3918 2004 3961 αωσ
2031 3912 2269 3975 preteeti
2318 3912 2430 3961 sint
2467 3920 2503 3961 1

250 3999 496 4062 protecti
524 3994 577 4047 iz
605 4000 847 4063 porrecti
875 3995 912 4049 ί
940 4000 1176 4064 preteeti
1208 3996 1422 4055 ucflxw
1468 3999 1800 4064 pr(a)etecte
1831 4008 1903 4069 qn
1925 4003 2178 4063 protecte
2225 4000 2336 4050 oexl
2371 4014 2500 4065 pro-

248 4088 422 4138 tectis
453 4082 477 4136 t
506 4103 607 4137 om.
642 4093 708 4156 φ
860 4088 1009 4140 circa
1037 4081 1184 4137 m·
1210 4088 1364 4138 intra
1392 4084 1444 4139 Β
1599 4087 1887 4139 cohortem
1917 4083 2043 4139 A¹B
2196 4102 2263 4137 20
2293 4103 2420 4138 aras
2450 4084 2501 4137 A

239 4179 304 4226 ιι
330 4171 382 4226 Β
410 4176 645 4243 plerique
674 4190 829 4227 raras
859 4184 890 4226 ο
918 4179 1073 4226 taras
1101 4185 1142 4224 u
1354 4178 1452 4227 ubi
1483 4194 1586 4228 om.
1619 4171 1721 4227 AB
