3109 5559
948 442 1046 485 nm
1095 440 1401 485 Rvsncn:
1447 441 1563 484 un.
1612 426 1741 485 11⁸0.
1779 443 1812 492 9
2411 436 2486 491 71

180 611 435 682 atque
485 602 577 661 ita
623 620 710 661 ex
752 620 851 675 ea,
914 620 1061 661 cum
1095 598 1362 681 paulum
1396 601 1724 662 inmorata
1755 610 1909 662 sunt
1940 599 2213 672 semina,
2251 597 2492 659 iaciunt

186 729 361 769 non
441 707 825 767 dubitantes
898 718 1317 787 prouentum,
1367 727 1539 788 quae
1587 708 1682 768 sic
1729 718 1873 769 sata
1920 707 2068 768 sint.
2165 703 2491 785 quaedam
2525 718 2601 763 10

184 816 436 876 etiam
507 814 973 875 subterraneae
1043 825 1266 892 pestes
1337 813 1595 876 adultas
1652 825 1916 893 segetes
1965 812 2295 875 radicibus
2340 810 2490 872 sub·

188 921 438 983 sectis
484 933 798 993 enecant:
850 919 917 981 id
966 940 1048 983 ne
1094 920 1225 993 fiat,
1279 920 1571 983 remedio
1620 930 1721 983 est
1772 940 1982 1002 aquae
2017 920 2261 981 mixtus
2293 936 2489 980 sucus

126 1057 156 1107 5
189 1029 503 1101 herbae,
574 1047 770 1108 quam
831 1029 1050 1090 rustici
1122 1029 1353 1089 sedum
1423 1026 1781 1108 appellant,
1834 1048 1984 1090 nam
2034 1029 2161 1089 hoc
2211 1025 2488 1086 medica·

194 1137 412 1196 mine
431 1155 560 1195 una
586 1147 781 1196 nocte
807 1136 1056 1196 semina
1084 1147 1413 1196 macerata
1437 1136 1773 1198 iaciuntur.
1831 1135 2097 1215 quidam
2124 1133 2490 1195 cucumeris

196 1242 545 1322 anguinei
596 1262 892 1304 umorem
940 1261 1329 1322 expressum
1378 1253 1446 1303 et
1491 1242 1788 1304 eiusdem
1826 1243 2042 1303 tritam
2078 1241 2365 1302 radicem
2402 1239 2492 1300 di·

197 1350 422 1411 luunt
469 1368 641 1428 aqua
686 1349 1014 1430 similique
1061 1350 1314 1411 ratione
1364 1348 1738 1411 madefacta
1784 1349 2036 1411 semina
2070 1359 2279 1409 terrae
2314 1367 2492 1408 man·

199 1457 416 1518 dant.
482 1455 591 1517 alii
638 1455 763 1517 hac
812 1456 1046 1518 eadem
1098 1476 1270 1537 aqua
1319 1455 1420 1518 uel
1469 1476 1743 1537 amurga
1785 1455 2052 1529 insulsa,
2088 1474 2236 1517 cum
2269 1455 2494 1534 coepit

104 1563 532 1628 minsestari
603 1583 819 1643 segeS,
894 1562 1297 1643 perfundunt
1364 1562 1586 1625 sulcos
1656 1575 1724 1625 et
1794 1564 1884 1625 ita
1935 1563 2136 1624 noxia
2184 1560 2491 1623 animalia

206 1672 654 1732 submonent.

416 1775 582 1838 Illud
630 1778 948 1858 deinceps
996 1777 1530 1858 praecipiendum
1582 1777 1817 1852 habe0,
1855 1788 1924 1839 ut
1956 1778 2278 1839 demessis
2310 1796 2489 1856 sege·
2623 1790 2784 1848 Quem
2826 1791 2896 1837 ιιι

214 1885 413 1946 tibus
480 1885 607 1945 iam
680 1885 742 1945 in
815 1904 969 1946 area
1028 1883 1242 1946 futuro
1291 1885 1524 1946 semini
1574 1883 2013 1947 consulamus.
2109 1904 2257 1944 nam
2308 1884 2487 1964 quod
2520 1898 2584 1943 11
2616 1880 2916 1927 modnmad

214 1992 323 2053 ait
396 1990 648 2065 Celsus,
716 1991 825 2053 ubi
899 1992 1248 2054 mediocris
1317 2004 1418 2053 est
1477 1991 1740 2064 fructus,
1792 1992 2110 2072 optimam
2160 2010 2490 2071 quamque
2599 1971 2903 2016 ”unum

122 2126 187 2177 15
220 2099 491 2179 spicam
541 2098 759 2178 legere
806 2110 1074 2178 oportet
1126 2100 1618 2180 separatimque
1649 2120 1735 2160 ex
1768 2120 1845 2160 ea
1878 2119 2103 2160 semen
2138 2116 2484 2178 reponere;
2615 2058 2902 2195 2:¹53?

217 2225 385 2267 cum
448 2226 665 2266 rursus
723 2205 1001 2285 amplior
1048 2207 1280 2269 messis
1329 2208 1724 2286 prouenerit,
1774 2207 2083 2287 quicquid
2132 2215 2485 2275 exteretur,
2668 2238 2847 2292 genua

220 2313 638 2393 caphisterio
663 2314 1167 2394 expurgandum
1202 2315 1341 2388 erit,
1378 2324 1444 2374 et
1476 2334 1757 2393 semper,
1792 2313 1970 2394 quod
2008 2326 2280 2394 propter
2313 2332 2486 2391 mag·

221 2420 601 2481 nitudinem
652 2440 728 2482 ac
779 2423 1043 2500 pondus
1085 2422 1148 2482 in
1184 2421 1316 2482 imo
1349 2420 1740 2495 subsederit,
1776 2421 1861 2482 ad
1895 2441 2115 2482 semen
2157 2439 2488 2482 reseruan-

221 2527 413 2589 dum.
513 2546 661 2587 nam
735 2527 802 2588 id
874 2526 1219 2608 plurimum
1292 2528 1585 2608 prodest,
1657 2532 1813 2608 quia
1869 2528 2170 2608 quamuis
2216 2525 2491 2587 celerius

130 2633 397 2698 zolocis
448 2635 707 2709 umidiS,
758 2645 979 2696 tamen
1028 2636 1228 2696 etiam
1275 2635 1469 2696 siccis
1520 2634 1843 2697 frumenta
1890 2634 2318 2713 degenerant,
2369 2634 2489 2694 nisi

225 2761 393 2802 cura
467 2739 615 2802 talis
662 2740 1029 2804 adhibetur.
1127 2761 1340 2822 neque
1388 2743 1563 2803 enim
1613 2741 1884 2803 dubium
1932 2754 2032 2803 est
2081 2762 2165 2803 ex
2216 2740 2486 2802 robusto
2522 2754 2595 2800 12

424 3058 441 3092 1
507 3046 777 3093 immorata
814 3049 858 3094 B
1024 3056 1053 3091 2
1110 3044 1185 3092 sic
1242 3046 1317 3095 (in
1370 3044 1437 3092 sit
1482 3049 1610 3091 mut.
1650 3059 1793 3093 man.
1833 3043 1950 3102 κεί.)
1987 3045 2019 3092 S
2183 3044 2374 3092 siccata
2412 3045 2491 3093 Aa

226 3131 446 3194 sicllata
482 3130 532 3194 (a
571 3149 613 3181 s.
653 3149 896 3181 rasuram
932 3138 1104 3197 postea
1140 3136 1256 3181 scr.)
1296 3135 1331 3181 d
1474 3146 1507 3193 4
1546 3140 1770 3195 enegant
1807 3134 1856 3190 (c
1893 3149 1934 3180 s.
1973 3149 2006 3194 g
2044 3148 2113 3179 m.
2145 3140 2227 3195 pr.
2271 3138 2329 3180 ut
2365 3131 2491 3189 uid.)

224 3227 263 3271 S
414 3224 545 3272 {iant
592 3226 692 3272 8⁸⁸
855 3232 937 3271 est
974 3238 1078 3269 om.
1114 3223 1175 3279 (s.
1215 3240 1265 3271 u.
1304 3221 1338 3269 ἔ
1375 3222 1536 3270 adscr.
1579 3239 1649 3269 m.
1688 3222 1803 3279 rec.)
1825 3224 1866 3272 A
2005 3238 2194 3271 succus
2229 3224 2273 3269 R
2298 3222 2492 3283 aliquot

377 3314 412 3361 6
471 3313 735 3360 cucumeri
791 3313 1043 3376 sanguine
1086 3312 1122 3367 (i
1168 3329 1210 3360 s.
1250 3329 1280 3361 e
1316 3328 1412 3360 scr.
1451 3328 1521 3361 m.
1561 3308 1681 3373 net.)
1716 3315 1751 3362 S
1787 3312 2051 3360 cucumeri
2088 3312 2322 3374 sanguini
2358 3312 2409 3368 (e
2445 3327 2488 3359 s.

226 3405 304 3450 ult
361 3403 377 3450 i
414 3418 512 3451 scr.
551 3418 604 3448 m
661 3401 776 3460 rec.)
812 3404 853 3451 A
1002 3412 1029 3464 7
1071 3402 1271 3451 mitram
1311 3402 1438 3464 (exp.
1476 3410 1530 3450 et
1569 3403 1622 3449 in
1662 3404 1733 3450 in.
1772 3418 1901 3450 uers.
1939 3404 2107 3451 tritam
2148 3400 2253 3448 adi.
2280 3418 2350 3447 m.
2377 3398 2490 3459 rec.)

227 3497 265 3542 A
427 3503 484 3539 11
530 3493 846 3540 submonent
881 3495 948 3550 gt
983 3500 1317 3541 summouent
1352 3494 1473 3540 SAR

415 3580 869 3640 Quemadmodum
928 3582 995 3629 ad
1050 3580 1301 3630 aemsstem
1360 3580 1585 3629 trumzta
1641 3581 1745 3629 sint
1795 3581 2035 3643 etigenda
2090 3584 2134 3629 ἃ
2189 3580 2273 3640 qd.
2318 3580 2487 3629 solum

228 3672 369 3736 cuiq.
424 3669 651 3718 immeto
710 3671 990 3719 conueniat
1035 3671 1094 3719 C.
1133 3671 1242 3720 xm
1283 3672 1496 3718 maiusc.
1535 3673 1563 3718 t
1601 3671 2056 3730 Quemadmodum
2096 3670 2230 3718 iacta
2269 3670 2489 3718 sementi

229 3762 496 3809 frumenta
534 3759 755 3807 colenda
793 3760 913 3808 sint.
953 3758 1018 3822 εἴ)
1058 3759 1155 3807 XV
1194 3760 1333 3807 rubr.
1373 3774 1423 3808 m
1473 3759 1929 3819 Quemadmodum
1969 3761 2034 3808 ad
2072 3767 2355 3808 sementem
2384 3760 2489 3807 iru-

230 3857 412 3898 menta
449 3848 553 3897 sint
589 3849 828 3911 eligenda
865 3848 1005 3897 rubr.
1043 3863 1115 3910 aq
1154 3850 1207 3897 in
1247 3864 1419 3912 marg.
1457 3851 1492 3897 d
1644 3861 1705 3896 12
1744 3845 1914 3897 hab'eo
1951 3851 2179 3898 sAdktst
2217 3850 2408 3897 habeto
2446 3851 2490 3897 R

386 3947 451 3997 13
497 3937 673 3985 (utura
711 3942 765 3991 (o
810 3953 837 3984 s
901 3953 931 3985 a
969 3953 1040 3984 m.
1080 3938 1191 3995 rec)
1229 3940 1267 3987 A
1413 3939 1749 3986 consolamus
1787 3942 1840 3995 (u
1877 3954 1919 3986 s.
1958 3939 2048 3986 alt.
2087 3954 2119 3986 o
2159 3955 2229 3986 m.
2269 3939 2378 3994 alt.)
2413 3940 2486 3987 SA

387 4038 452 4085 14
477 4041 719 4091 quanque
744 4029 788 4074 Β
807 4027 1029 4089 plerique
1152 4028 1212 4075 16
1240 4027 1468 4093 quicquit
1490 4022 1532 4088 (t
1557 4030 1611 4074 in
1643 4029 1676 4074 d
1703 4033 1827 4075 mut.
1857 4044 1927 4076 m.
1954 4027 2070 4085 uet.)
2094 4030 2132 4077 A
2281 4043 2487 4075 crore-

230 4129 318 4165 tur
348 4119 392 4164 B
430 4116 624 4176 aliquot
772 4125 831 4175 17
872 4116 1150 4177 capisterio
1189 4121 1231 4166 Β
1269 4118 1465 4178 aliquot
1607 4120 1898 4178 expurdum
1936 4118 2053 4179 (gan
2092 4134 2160 4164 ss.
2201 4134 2269 4163 m.
2298 4115 2415 4174 net.)
2446 4119 2485 4165 A

427 4215 485 4262 19
524 4204 744 4269 quamtis
781 4206 827 4252 R
864 4206 1060 4267 aliquot
1203 4218 1270 4253 20
1308 4207 1594 4268 degnerant
1629 4202 1680 4265 (e
1718 4223 1760 4255 s,
1800 4223 1867 4268 gn
1905 4223 1998 4253 scr.
2041 4223 2110 4252 m.
2150 4208 2266 4259 net.)
2303 4209 2342 4255 A

423 4304 483 4340 21
526 4292 802 4342 adhibetur
837 4297 871 4343 S
907 4295 959 4351 (a
994 4310 1035 4342 s.
1075 4302 1129 4344 et
1166 4293 1328 4342 adscr.
1370 4312 1439 4343 m.
1480 4296 1593 4353 rec.)
1630 4298 1668 4345 A
1708 4297 2016 4343 adhibeatur
2053 4300 2095 4345 R
2267 4297 2484 4343 robosto

226 4398 286 4441 qu
327 4399 369 4429 s.
411 4381 495 4428 alt.
536 4393 571 4428 ο
610 4397 681 4428 m.
721 4383 831 4439 alt.)
868 4384 902 4430 S
