<?xml version="1.0" encoding="UTF-8"?>
<!DOCTYPE html PUBLIC "-//W3C//DTD XHTML 1.0 Transitional//EN"
    "http://www.w3.org/TR/xhtml1/DTD/xhtml1-transitional.dtd">
<html xmlns="http://www.w3.org/1999/xhtml" xml:lang="en" lang="en">
 <head>
  <title>
</title>
<meta http-equiv="Content-Type" content="text/html;charset=utf-8" />
  <meta name='ocr-system' content='tesseract 3.04.00' />
  <meta name='ocr-capabilities' content='ocr_page ocr_carea ocr_par ocr_line ocrx_word'/>
</head>
<body>
  <div class='ocr_page' id='page_1' title='image "./operaquaeexstan00hedbgoog_0183.png"; bbox 0 0 3109 5559; ppageno 0'>
   <div class='ocr_carea' id='block_1_1' title="bbox 15 4462 123 4493">
    <p class='ocr_par' dir='ltr' id='par_1_1' title="bbox 15 4462 123 4493">
     <span class='ocr_line' id='line_1_1' title="bbox 15 4462 123 4493; baseline 0 0"><span class='ocrx_word' id='word_1_1' title='bbox 15 4462 50 4493; x_wconf 46' lang='lat' dir='ltr'><strong>A!</strong></span> <span class='ocrx_word' id='word_1_2' title='bbox 102 4473 123 4482; x_wconf 92' lang='grc'><strong>““</strong></span> 
     </span>
    </p>
   </div>
   <div class='ocr_carea' id='block_1_2' title="bbox 426 14 918 81">
    <p class='ocr_par' dir='ltr' id='par_1_2' title="bbox 426 14 918 81">
     <span class='ocr_line' id='line_1_2' title="bbox 426 14 918 81; baseline 0.002 -1"><span class='ocrx_word' id='word_1_3' title='bbox 426 14 467 80; x_wconf 91' lang='grc'><strong>8</strong></span> <span class='ocrx_word' id='word_1_4' title='bbox 597 14 918 81; x_wconf 84' lang='lat' dir='ltr'><strong>Praefatio</strong></span> 
     </span>
    </p>
   </div>
   <div class='ocr_carea' id='block_1_3' title="bbox 413 193 2887 4535">
    <p class='ocr_par' dir='ltr' id='par_1_3' title="bbox 425 193 2886 388">
     <span class='ocr_line' id='line_1_3' title="bbox 426 193 2886 281; baseline 0 -23"><span class='ocrx_word' id='word_1_5' title='bbox 426 214 853 259; x_wconf 87' lang='lat' dir='ltr'><strong>communem</strong></span> <span class='ocrx_word' id='word_1_6' title='bbox 911 193 1052 260; x_wconf 89' lang='lat' dir='ltr'><strong>siue</strong></span> <span class='ocrx_word' id='word_1_7' title='bbox 1112 216 1269 273; x_wconf 90' lang='lat' dir='ltr'><strong>non,</strong></span> <span class='ocrx_word' id='word_1_8' title='bbox 1331 194 1669 280; x_wconf 88' lang='lat' dir='ltr'>praebent,</span> <span class='ocrx_word' id='word_1_9' title='bbox 1732 194 2248 281; x_wconf 90' lang='lat' dir='ltr'><strong>intellegendum</strong></span> <span class='ocrx_word' id='word_1_10' title='bbox 2307 208 2406 261; x_wconf 67' lang='lat' dir='ltr'><strong>oet</strong></span> <span class='ocrx_word' id='word_1_11' title='bbox 2465 195 2765 261; x_wconf 84' lang='lat' dir='ltr'>codicem</span> <span class='ocrx_word' id='word_1_12' title='bbox 2826 195 2886 259; x_wconf 92' lang='lat' dir='ltr'>R</span> 
     </span>
     <span class='ocr_line' id='line_1_4' title="bbox 425 299 1572 388; baseline 0.001 -23"><span class='ocrx_word' id='word_1_13' title='bbox 425 299 776 365; x_wconf 88' lang='lat' dir='ltr'><strong>lectionem</strong></span> <span class='ocrx_word' id='word_1_14' title='bbox 807 299 1143 387; x_wconf 87' lang='lat' dir='ltr'><strong>duplicem</strong></span> <span class='ocrx_word' id='word_1_15' title='bbox 1174 300 1572 388; x_wconf 87' lang='lat' dir='ltr'><strong>praebuisse.</strong></span> 
     </span>
    </p>

    <p class='ocr_par' dir='ltr' id='par_1_4' title="bbox 424 405 2887 1230">
     <span class='ocr_line' id='line_1_5' title="bbox 511 405 2884 493; baseline 0.001 -22"><span class='ocrx_word' id='word_1_16' title='bbox 511 405 929 492; x_wconf 87' lang='lat' dir='ltr'><strong>Aliquotiens</strong></span> <span class='ocrx_word' id='word_1_17' title='bbox 967 406 1218 486; x_wconf 85' lang='lat' dir='ltr'><strong>incidit,</strong></span> <span class='ocrx_word' id='word_1_18' title='bbox 1260 419 1336 473; x_wconf 92' lang='lat' dir='ltr'><strong>ut</strong></span> <span class='ocrx_word' id='word_1_19' title='bbox 1372 429 1606 473; x_wconf 70' lang='lat' dir='ltr'><strong>omnoe</strong></span> <span class='ocrx_word' id='word_1_20' title='bbox 1643 406 1780 473; x_wconf 85' lang='lat' dir='ltr'><strong>fere</strong></span> <span class='ocrx_word' id='word_1_21' title='bbox 1818 407 2079 473; x_wconf 55' lang='lat' dir='ltr'><strong>codices</strong></span> <span class='ocrx_word' id='word_1_22' title='bbox 2115 407 2467 474; x_wconf 88' lang='lat' dir='ltr'><strong>lectionem</strong></span> <span class='ocrx_word' id='word_1_23' title='bbox 2503 421 2884 493; x_wconf 76' lang='lat' dir='ltr'>corruptam</span> 
     </span>
     <span class='ocr_line' id='line_1_6' title="bbox 426 512 2883 600; baseline 0.001 -23"><span class='ocrx_word' id='word_1_24' title='bbox 426 512 800 598; x_wconf 90' lang='lat' dir='ltr'><strong>praebeant,</strong></span> <span class='ocrx_word' id='word_1_25' title='bbox 836 534 1012 578; x_wconf 90' lang='lat' dir='ltr'><strong>unus</strong></span> <span class='ocrx_word' id='word_1_26' title='bbox 1043 526 1267 579; x_wconf 90' lang='lat' dir='ltr'><strong>tamen</strong></span> <span class='ocrx_word' id='word_1_27' title='bbox 1299 527 1496 599; x_wconf 90' lang='lat' dir='ltr'><strong>atque</strong></span> <span class='ocrx_word' id='word_1_28' title='bbox 1530 514 1692 579; x_wconf 91' lang='lat' dir='ltr'><strong>alter</strong></span> <span class='ocrx_word' id='word_1_29' title='bbox 1722 515 1951 593; x_wconf 87' lang='lat' dir='ltr'><strong>codex,</strong></span> <span class='ocrx_word' id='word_1_30' title='bbox 1989 514 2105 600; x_wconf 91' lang='lat' dir='ltr'><strong>qui</strong></span> <span class='ocrx_word' id='word_1_31' title='bbox 2136 514 2369 580; x_wconf 88' lang='lat' dir='ltr'><strong>ceteris</strong></span> <span class='ocrx_word' id='word_1_32' title='bbox 2402 513 2561 579; x_wconf 91' lang='lat' dir='ltr'><strong>locis</strong></span> <span class='ocrx_word' id='word_1_33' title='bbox 2594 513 2883 599; x_wconf 87' lang='lat' dir='ltr'><strong>neglegi-</strong></span> 
     </span>
     <span class='ocr_line' id='line_1_7' title="bbox 424 618 2881 707; baseline 0.001 -23"><span class='ocrx_word' id='word_1_34' title='bbox 424 632 554 697; x_wconf 90' lang='lat' dir='ltr'><strong>tur,</strong></span> <span class='ocrx_word' id='word_1_35' title='bbox 581 640 700 705; x_wconf 89' lang='lat' dir='ltr'><strong>per</strong></span> <span class='ocrx_word' id='word_1_36' title='bbox 723 619 1168 685; x_wconf 90' lang='lat' dir='ltr'><strong>coniecturam</strong></span> <span class='ocrx_word' id='word_1_37' title='bbox 1191 618 1543 686; x_wconf 90' lang='lat' dir='ltr'><strong>lectionem</strong></span> <span class='ocrx_word' id='word_1_38' title='bbox 1567 641 1794 686; x_wconf 87' lang='lat' dir='ltr'><strong>ueram</strong></span> <span class='ocrx_word' id='word_1_39' title='bbox 1818 621 2147 707; x_wconf 67' lang='lat' dir='ltr'><strong>praebaet3</strong></span> <span class='ocrx_word' id='word_1_40' title='bbox 2172 633 2319 686; x_wconf 91' lang='lat' dir='ltr'><strong>tum</strong></span> <span class='ocrx_word' id='word_1_41' title='bbox 2343 620 2602 686; x_wconf 90' lang='lat' dir='ltr'><strong>codices</strong></span> <span class='ocrx_word' id='word_1_42' title='bbox 2625 641 2881 698; x_wconf 76' lang='lat' dir='ltr'><strong>omneS,</strong></span> 
     </span>
     <span class='ocr_line' id='line_1_8' title="bbox 425 725 2886 812; baseline 0 -22"><span class='ocrx_word' id='word_1_43' title='bbox 425 725 544 812; x_wconf 92' lang='lat' dir='ltr'><strong>qui</strong></span> <span class='ocrx_word' id='word_1_44' title='bbox 577 725 927 792; x_wconf 88' lang='lat' dir='ltr'><strong>lectionem</strong></span> <span class='ocrx_word' id='word_1_45' title='bbox 959 748 1186 792; x_wconf 87' lang='lat' dir='ltr'><strong>ueram</strong></span> <span class='ocrx_word' id='word_1_46' title='bbox 1220 726 1486 805; x_wconf 88' lang='lat' dir='ltr'><strong>habent,</strong></span> <span class='ocrx_word' id='word_1_47' title='bbox 1523 726 1899 792; x_wconf 86' lang='lat' dir='ltr'><strong>referuntur</strong></span> <span class='ocrx_word' id='word_1_48' title='bbox 1928 739 1995 793; x_wconf 89' lang='lat' dir='ltr'><strong>et</strong></span> <span class='ocrx_word' id='word_1_49' title='bbox 2016 726 2276 793; x_wconf 86' lang='lat' dir='ltr'><strong>codices</strong></span> <span class='ocrx_word' id='word_1_50' title='bbox 2302 726 2739 812; x_wconf 65' lang='lat' dir='ltr'><strong>SAthpyco,</strong></span> <span class='ocrx_word' id='word_1_51' title='bbox 2765 725 2886 791; x_wconf 92' lang='lat' dir='ltr'><strong>sed</strong></span> 
     </span>
     <span class='ocr_line' id='line_1_9' title="bbox 425 831 2882 919; baseline 0 -22"><span class='ocrx_word' id='word_1_52' title='bbox 425 832 482 897; x_wconf 93' lang='lat' dir='ltr'><strong>si</strong></span> <span class='ocrx_word' id='word_1_53' title='bbox 529 831 678 918; x_wconf 92' lang='lat' dir='ltr'><strong>quis</strong></span> <span class='ocrx_word' id='word_1_54' title='bbox 725 846 1095 898; x_wconf 88' lang='lat' dir='ltr'><strong>ceterorum</strong></span> <span class='ocrx_word' id='word_1_55' title='bbox 1141 832 1449 898; x_wconf 92' lang='lat' dir='ltr'><strong>codicum</strong></span> <span class='ocrx_word' id='word_1_56' title='bbox 1496 832 1942 899; x_wconf 87' lang='lat' dir='ltr'><strong>coniecturam</strong></span> <span class='ocrx_word' id='word_1_57' title='bbox 1989 832 2220 898; x_wconf 86' lang='lat' dir='ltr'><strong>falsam</strong></span> <span class='ocrx_word' id='word_1_58' title='bbox 2267 832 2442 911; x_wconf 85' lang='lat' dir='ltr'><strong>fecit,</strong></span> <span class='ocrx_word' id='word_1_59' title='bbox 2492 832 2882 919; x_wconf 87' lang='lat' dir='ltr'><strong>neglegitur.</strong></span> 
     </span>
     <span class='ocr_line' id='line_1_10' title="bbox 427 938 2887 1005; baseline 0 -2"><span class='ocrx_word' id='word_1_60' title='bbox 427 938 572 1004; x_wconf 89' lang='lat' dir='ltr'><strong>Hae</strong></span> <span class='ocrx_word' id='word_1_61' title='bbox 617 938 928 1004; x_wconf 89' lang='lat' dir='ltr'><strong>lectiones</strong></span> <span class='ocrx_word' id='word_1_62' title='bbox 970 939 1279 1005; x_wconf 87' lang='lat' dir='ltr'><strong>codicum</strong></span> <span class='ocrx_word' id='word_1_63' title='bbox 1322 961 1359 1004; x_wconf 90' lang='lat' dir='ltr'><strong>e</strong></span> <span class='ocrx_word' id='word_1_64' title='bbox 1402 939 1795 1005; x_wconf 90' lang='lat' dir='ltr'><strong>coniecturis</strong></span> <span class='ocrx_word' id='word_1_65' title='bbox 1838 954 2018 1005; x_wconf 89' lang='lat' dir='ltr'><strong>ortae</strong></span> <span class='ocrx_word' id='word_1_66' title='bbox 2048 953 2115 1004; x_wconf 90' lang='lat' dir='ltr'><strong>et</strong></span> <span class='ocrx_word' id='word_1_67' title='bbox 2144 939 2555 1005; x_wconf 90' lang='lat' dir='ltr'><strong>coniecturae</strong></span> <span class='ocrx_word' id='word_1_68' title='bbox 2585 938 2887 1004; x_wconf 92' lang='lat' dir='ltr'><strong>uirorum</strong></span> 
     </span>
     <span class='ocr_line' id='line_1_11' title="bbox 426 1044 2885 1132; baseline -0 -22"><span class='ocrx_word' id='word_1_69' title='bbox 426 1044 796 1123; x_wconf 90' lang='lat' dir='ltr'><strong>doctorum,</strong></span> <span class='ocrx_word' id='word_1_70' title='bbox 835 1045 952 1131; x_wconf 91' lang='lat' dir='ltr'><strong>qui</strong></span> <span class='ocrx_word' id='word_1_71' title='bbox 987 1060 1139 1131; x_wconf 91' lang='lat' dir='ltr'><strong>post</strong></span> <span class='ocrx_word' id='word_1_72' title='bbox 1172 1058 1380 1111; x_wconf 90' lang='lat' dir='ltr'><strong>artem</strong></span> <span class='ocrx_word' id='word_1_73' title='bbox 1416 1045 1619 1111; x_wconf 93' lang='lat' dir='ltr'><strong>libros</strong></span> <span class='ocrx_word' id='word_1_74' title='bbox 1652 1045 1827 1132; x_wconf 86' lang='lat' dir='ltr'><strong>typis</strong></span> <span class='ocrx_word' id='word_1_75' title='bbox 1864 1045 2287 1132; x_wconf 89' lang='lat' dir='ltr'><strong>imprimendi</strong></span> <span class='ocrx_word' id='word_1_76' title='bbox 2323 1045 2664 1111; x_wconf 88' lang='lat' dir='ltr'><strong>inuentam</strong></span> <span class='ocrx_word' id='word_1_77' title='bbox 2698 1044 2885 1110; x_wconf 90' lang='lat' dir='ltr'><strong>uixe-</strong></span> 
     </span>
     <span class='ocr_line' id='line_1_12' title="bbox 427 1151 1789 1230; baseline 0.001 -14"><span class='ocrx_word' id='word_1_78' title='bbox 427 1164 600 1230; x_wconf 90' lang='lat' dir='ltr'><strong>runt,</strong></span> <span class='ocrx_word' id='word_1_79' title='bbox 635 1151 872 1217; x_wconf 90' lang='lat' dir='ltr'><strong>eodem</strong></span> <span class='ocrx_word' id='word_1_80' title='bbox 902 1151 1105 1217; x_wconf 92' lang='lat' dir='ltr'><strong>modo</strong></span> <span class='ocrx_word' id='word_1_81' title='bbox 1137 1152 1326 1218; x_wconf 87' lang='lat' dir='ltr'><strong>uncis</strong></span> <span class='ocrx_word' id='word_1_82' title='bbox 1359 1151 1789 1218; x_wconf 86' lang='lat' dir='ltr'><strong>declarantur.</strong></span> 
     </span>
    </p>

    <p class='ocr_par' dir='ltr' id='par_1_5' title="bbox 424 1256 2884 2090">
     <span class='ocr_line' id='line_1_13' title="bbox 513 1256 2881 1345; baseline 0 -23"><span class='ocrx_word' id='word_1_83' title='bbox 513 1256 662 1332; x_wconf 91' lang='lat' dir='ltr'><strong>Qua</strong></span> <span class='ocrx_word' id='word_1_84' title='bbox 701 1257 951 1323; x_wconf 88' lang='lat' dir='ltr'><strong>ratione</strong></span> <span class='ocrx_word' id='word_1_85' title='bbox 988 1280 1152 1324; x_wconf 91' lang='lat' dir='ltr'><strong>usus</strong></span> <span class='ocrx_word' id='word_1_86' title='bbox 1193 1258 1604 1325; x_wconf 72' lang='lat' dir='ltr'><strong>Lundstrbm</strong></span> <span class='ocrx_word' id='word_1_87' title='bbox 1644 1273 2031 1345; x_wconf 90' lang='lat' dir='ltr'><strong>apparatum</strong></span> <span class='ocrx_word' id='word_1_88' title='bbox 2071 1258 2374 1324; x_wconf 91' lang='lat' dir='ltr'><strong>criticum</strong></span> <span class='ocrx_word' id='word_1_89' title='bbox 2413 1257 2881 1344; x_wconf 84' lang='lat' dir='ltr'><strong>composuerit,</strong></span> 
     </span>
     <span class='ocr_line' id='line_1_14' title="bbox 426 1363 2884 1451; baseline 0 -23"><span class='ocrx_word' id='word_1_90' title='bbox 426 1385 563 1429; x_wconf 91' lang='lat' dir='ltr'><strong>non</strong></span> <span class='ocrx_word' id='word_1_91' title='bbox 590 1375 880 1450; x_wconf 88' lang='lat' dir='ltr'><strong>apparet,</strong></span> <span class='ocrx_word' id='word_1_92' title='bbox 913 1363 1039 1429; x_wconf 92' lang='lat' dir='ltr'><strong>nisi</strong></span> <span class='ocrx_word' id='word_1_93' title='bbox 1068 1365 1250 1450; x_wconf 93' lang='lat' dir='ltr'><strong>quod</strong></span> <span class='ocrx_word' id='word_1_94' title='bbox 1279 1365 1349 1429; x_wconf 89' lang='lat' dir='ltr'><strong>in</strong></span> <span class='ocrx_word' id='word_1_95' title='bbox 1377 1363 1562 1429; x_wconf 92' lang='lat' dir='ltr'><strong>libris</strong></span> <span class='ocrx_word' id='word_1_96' title='bbox 1591 1378 1774 1431; x_wconf 84' lang='lat' dir='ltr'><strong>sexto</strong></span> <span class='ocrx_word' id='word_1_97' title='bbox 1803 1379 1868 1431; x_wconf 92' lang='lat' dir='ltr'><strong>et</strong></span> <span class='ocrx_word' id='word_1_98' title='bbox 1896 1364 2179 1451; x_wconf 89' lang='lat' dir='ltr'><strong>septimo</strong></span> <span class='ocrx_word' id='word_1_99' title='bbox 2207 1364 2482 1430; x_wconf 83' lang='lat' dir='ltr'><strong>edendis</strong></span> <span class='ocrx_word' id='word_1_100' title='bbox 2510 1363 2695 1442; x_wconf 89' lang='lat' dir='ltr'><strong>nihil,</strong></span> <span class='ocrx_word' id='word_1_101' title='bbox 2726 1363 2884 1429; x_wconf 87' lang='lat' dir='ltr'><strong>alibi</strong></span> 
     </span>
     <span class='ocr_line' id='line_1_15' title="bbox 426 1469 2883 1557; baseline 0 -23"><span class='ocrx_word' id='word_1_102' title='bbox 426 1469 635 1534; x_wconf 91' lang='lat' dir='ltr'><strong>multa</strong></span> <span class='ocrx_word' id='word_1_103' title='bbox 662 1469 904 1535; x_wconf 91' lang='lat' dir='ltr'><strong>omisit.</strong></span> <span class='ocrx_word' id='word_1_104' title='bbox 935 1470 1307 1556; x_wconf 89' lang='lat' dir='ltr'><strong>Josephson</strong></span> <span class='ocrx_word' id='word_1_105' title='bbox 1337 1492 1608 1557; x_wconf 90' lang='lat' dir='ltr'><strong>quoque</strong></span> <span class='ocrx_word' id='word_1_106' title='bbox 1637 1471 1845 1537; x_wconf 91' lang='lat' dir='ltr'><strong>multa</strong></span> <span class='ocrx_word' id='word_1_107' title='bbox 1873 1471 2172 1537; x_wconf 91' lang='lat' dir='ltr'><strong>omisisse</strong></span> <span class='ocrx_word' id='word_1_108' title='bbox 2201 1470 2487 1549; x_wconf 90' lang='lat' dir='ltr'><strong>uidetur;</strong></span> <span class='ocrx_word' id='word_1_109' title='bbox 2519 1470 2603 1536; x_wconf 90' lang='lat' dir='ltr'><strong>de</strong></span> <span class='ocrx_word' id='word_1_110' title='bbox 2632 1470 2883 1535; x_wconf 87' lang='lat' dir='ltr'><strong>ratione</strong></span> 
     </span>
     <span class='ocr_line' id='line_1_16' title="bbox 426 1575 2883 1664; baseline 0 -23"><span class='ocrx_word' id='word_1_111' title='bbox 426 1589 647 1641; x_wconf 90' lang='lat' dir='ltr'><strong>autem</strong></span> <span class='ocrx_word' id='word_1_112' title='bbox 672 1575 1031 1642; x_wconf 91' lang='lat' dir='ltr'><strong>lectionum</strong></span> <span class='ocrx_word' id='word_1_113' title='bbox 1054 1576 1503 1662; x_wconf 89' lang='lat' dir='ltr'><strong>eligendarum</strong></span> <span class='ocrx_word' id='word_1_114' title='bbox 1529 1577 1600 1642; x_wconf 91' lang='lat' dir='ltr'><strong>in</strong></span> <span class='ocrx_word' id='word_1_115' title='bbox 1623 1577 2024 1664; x_wconf 86' lang='lat' dir='ltr'><strong>praefatione</strong></span> <span class='ocrx_word' id='word_1_116' title='bbox 2050 1577 2215 1643; x_wconf 89' lang='lat' dir='ltr'><strong>nihil</strong></span> <span class='ocrx_word' id='word_1_117' title='bbox 2240 1576 2418 1643; x_wconf 86' lang='lat' dir='ltr'><strong>dicit:</strong></span> <span class='ocrx_word' id='word_1_118' title='bbox 2446 1576 2706 1642; x_wconf 89' lang='lat' dir='ltr'><strong>codices</strong></span> <span class='ocrx_word' id='word_1_119' title='bbox 2729 1590 2883 1642; x_wconf 90' lang='lat' dir='ltr'><strong>octo</strong></span> 
     </span>
     <span class='ocr_line' id='line_1_17' title="bbox 426 1682 2880 1770; baseline 0.002 -23"><span class='ocrx_word' id='word_1_120' title='bbox 426 1682 837 1761; x_wconf 89' lang='lat' dir='ltr'><strong>recentiores,</strong></span> <span class='ocrx_word' id='word_1_121' title='bbox 878 1705 958 1748; x_wconf 93' lang='lat' dir='ltr'><strong>ex</strong></span> <span class='ocrx_word' id='word_1_122' title='bbox 995 1683 1240 1769; x_wconf 91' lang='lat' dir='ltr'><strong>quibus</strong></span> <span class='ocrx_word' id='word_1_123' title='bbox 1276 1683 1412 1749; x_wconf 93' lang='lat' dir='ltr'><strong>duo</strong></span> <span class='ocrx_word' id='word_1_124' title='bbox 1449 1706 1531 1749; x_wconf 89' lang='lat' dir='ltr'><strong>ex</strong></span> <span class='ocrx_word' id='word_1_125' title='bbox 1566 1684 1969 1750; x_wconf 88' lang='lat' dir='ltr'><strong>editionibus</strong></span> <span class='ocrx_word' id='word_1_126' title='bbox 2006 1683 2341 1770; x_wconf 89' lang='lat' dir='ltr'><strong>impressis</strong></span> <span class='ocrx_word' id='word_1_127' title='bbox 2379 1683 2690 1770; x_wconf 55' lang='lat' dir='ltr'><strong>descripti</strong></span> <span class='ocrx_word' id='word_1_128' title='bbox 2725 1682 2880 1751; x_wconf 85' lang='lat' dir='ltr'><strong>sint.</strong></span> 
     </span>
     <span class='ocr_line' id='line_1_18' title="bbox 425 1788 2884 1876; baseline 0 -23"><span class='ocrx_word' id='word_1_129' title='bbox 425 1788 704 1853; x_wconf 92' lang='lat' dir='ltr'><strong>omissos</strong></span> <span class='ocrx_word' id='word_1_130' title='bbox 731 1811 872 1854; x_wconf 91' lang='lat' dir='ltr'><strong>esse</strong></span> <span class='ocrx_word' id='word_1_131' title='bbox 901 1790 1041 1876; x_wconf 91' lang='lat' dir='ltr'><strong>(pp.</strong></span> <span class='ocrx_word' id='word_1_132' title='bbox 1072 1790 1205 1854; x_wconf 94' lang='lat' dir='ltr'><strong>VII</strong></span> <span class='ocrx_word' id='word_1_133' title='bbox 1236 1789 1387 1876; x_wconf 92' lang='lat' dir='ltr'><strong>sq.).</strong></span> <span class='ocrx_word' id='word_1_134' title='bbox 1422 1789 1757 1876; x_wconf 90' lang='lat' dir='ltr'><strong>Sequitur,</strong></span> <span class='ocrx_word' id='word_1_135' title='bbox 1788 1804 1864 1855; x_wconf 91' lang='lat' dir='ltr'><strong>ut</strong></span> <span class='ocrx_word' id='word_1_136' title='bbox 1890 1802 2241 1876; x_wconf 91' lang='lat' dir='ltr'><strong>apparatus</strong></span> <span class='ocrx_word' id='word_1_137' title='bbox 2268 1789 2533 1855; x_wconf 91' lang='lat' dir='ltr'><strong>criticus</strong></span> <span class='ocrx_word' id='word_1_138' title='bbox 2560 1788 2884 1854; x_wconf 90' lang='lat' dir='ltr'><strong>librorum</strong></span> 
     </span>
     <span class='ocr_line' id='line_1_19' title="bbox 424 1894 2884 1982; baseline 0 -22"><span class='ocrx_word' id='word_1_139' title='bbox 424 1894 620 1973; x_wconf 89' lang='lat' dir='ltr'><strong>tertii,</strong></span> <span class='ocrx_word' id='word_1_140' title='bbox 678 1895 914 1981; x_wconf 90' lang='lat' dir='ltr'><strong>quarti,</strong></span> <span class='ocrx_word' id='word_1_141' title='bbox 972 1895 1208 1981; x_wconf 92' lang='lat' dir='ltr'><strong>quinti,</strong></span> <span class='ocrx_word' id='word_1_142' title='bbox 1266 1895 1641 1962; x_wconf 90' lang='lat' dir='ltr'><strong>duodecimi</strong></span> <span class='ocrx_word' id='word_1_143' title='bbox 1699 1896 1926 1963; x_wconf 91' lang='lat' dir='ltr'><strong>multis</strong></span> <span class='ocrx_word' id='word_1_144' title='bbox 1979 1896 2178 1962; x_wconf 89' lang='lat' dir='ltr'><strong>rebus</strong></span> <span class='ocrx_word' id='word_1_145' title='bbox 2231 1895 2314 1961; x_wconf 91' lang='lat' dir='ltr'><strong>ab</strong></span> <span class='ocrx_word' id='word_1_146' title='bbox 2368 1894 2792 1982; x_wconf 89' lang='lat' dir='ltr'><strong>apparatibus</strong></span> <span class='ocrx_word' id='word_1_147' title='bbox 2845 1917 2884 1959; x_wconf 88' lang='lat' dir='ltr'><strong>a</strong></span> 
     </span>
     <span class='ocr_line' id='line_1_20' title="bbox 428 2000 2059 2090; baseline 0.001 -24"><span class='ocrx_word' id='word_1_148' title='bbox 428 2000 837 2067; x_wconf 75' lang='lat' dir='ltr'><strong>Lundstrom</strong></span> <span class='ocrx_word' id='word_1_149' title='bbox 868 2014 935 2068; x_wconf 89' lang='lat' dir='ltr'><strong>et</strong></span> <span class='ocrx_word' id='word_1_150' title='bbox 962 2002 1334 2088; x_wconf 90' lang='lat' dir='ltr'><strong>Josephson</strong></span> <span class='ocrx_word' id='word_1_151' title='bbox 1364 2002 1748 2090; x_wconf 88' lang='lat' dir='ltr'><strong>compositis</strong></span> <span class='ocrx_word' id='word_1_152' title='bbox 1781 2002 2059 2069; x_wconf 85' lang='lat' dir='ltr'><strong>differat.</strong></span> 
     </span>
    </p>

    <p class='ocr_par' dir='ltr' id='par_1_6' title="bbox 425 2107 2885 2834">
     <span class='ocr_line' id='line_1_21' title="bbox 512 2107 2883 2197; baseline 0 -25"><span class='ocrx_word' id='word_1_153' title='bbox 512 2107 692 2173; x_wconf 90' lang='lat' dir='ltr'><strong>Alias</strong></span> <span class='ocrx_word' id='word_1_154' title='bbox 724 2107 1027 2187; x_wconf 91' lang='lat' dir='ltr'><strong>rationes,</strong></span> <span class='ocrx_word' id='word_1_155' title='bbox 1064 2108 1309 2194; x_wconf 89' lang='lat' dir='ltr'><strong>quibus</strong></span> <span class='ocrx_word' id='word_1_156' title='bbox 1339 2131 1501 2175; x_wconf 89' lang='lat' dir='ltr'><strong>usus</strong></span> <span class='ocrx_word' id='word_1_157' title='bbox 1532 2123 1633 2174; x_wconf 90' lang='lat' dir='ltr'><strong>est</strong></span> <span class='ocrx_word' id='word_1_158' title='bbox 1653 2109 2044 2197; x_wconf 89' lang='lat' dir='ltr'><strong>Josephson,</strong></span> <span class='ocrx_word' id='word_1_159' title='bbox 2071 2109 2445 2195; x_wconf 87' lang='lat' dir='ltr'><strong>probandas</strong></span> <span class='ocrx_word' id='word_1_160' title='bbox 2469 2121 2654 2195; x_wconf 87' lang='lat' dir='ltr'><strong>puto:</strong></span> <span class='ocrx_word' id='word_1_161' title='bbox 2682 2107 2883 2173; x_wconf 91' lang='lat' dir='ltr'><strong>Clau-</strong></span> 
     </span>
     <span class='ocr_line' id='line_1_22' title="bbox 427 2213 2883 2303; baseline 0 -25"><span class='ocrx_word' id='word_1_162' title='bbox 427 2213 602 2279; x_wconf 88' lang='lat' dir='ltr'><strong>sulas</strong></span> <span class='ocrx_word' id='word_1_163' title='bbox 639 2214 723 2279; x_wconf 93' lang='lat' dir='ltr'><strong>ad</strong></span> <span class='ocrx_word' id='word_1_164' title='bbox 759 2228 1015 2280; x_wconf 89' lang='lat' dir='ltr'><strong>textum</strong></span> <span class='ocrx_word' id='word_1_165' title='bbox 1052 2214 1593 2281; x_wconf 90' lang='lat' dir='ltr'><strong>constituendum</strong></span> <span class='ocrx_word' id='word_1_166' title='bbox 1629 2214 1793 2280; x_wconf 90' lang='lat' dir='ltr'><strong>nihil</strong></span> <span class='ocrx_word' id='word_1_167' title='bbox 1817 2215 2034 2281; x_wconf 90' lang='lat' dir='ltr'><strong>ualere</strong></span> <span class='ocrx_word' id='word_1_168' title='bbox 2059 2215 2217 2303; x_wconf 90' lang='lat' dir='ltr'><strong>(Die</strong></span> <span class='ocrx_word' id='word_1_169' title='bbox 2243 2213 2883 2281; x_wconf 90' lang='lat' dir='ltr'><strong>Columella-Hand-</strong></span> 
     </span>
     <span class='ocr_line' id='line_1_23' title="bbox 427 2318 2883 2408; baseline 0 -23"><span class='ocrx_word' id='word_1_170' title='bbox 427 2318 764 2399; x_wconf 87' lang='lat' dir='ltr'><strong>schriften,</strong></span> <span class='ocrx_word' id='word_1_171' title='bbox 807 2342 920 2407; x_wconf 89' lang='lat' dir='ltr'><strong>pp.</strong></span> <span class='ocrx_word' id='word_1_172' title='bbox 971 2341 1043 2405; x_wconf 87' lang='lat'><strong>13</strong></span> <span class='ocrx_word' id='word_1_173' title='bbox 1088 2321 1288 2407; x_wconf 93' lang='lat' dir='ltr'><strong>sqq.);</strong></span> <span class='ocrx_word' id='word_1_174' title='bbox 1331 2321 1401 2387; x_wconf 92' lang='lat' dir='ltr'><strong>in</strong></span> <span class='ocrx_word' id='word_1_175' title='bbox 1442 2321 1895 2407; x_wconf 89' lang='lat' dir='ltr'><strong>discrepantiis</strong></span> <span class='ocrx_word' id='word_1_176' title='bbox 1935 2321 2455 2408; x_wconf 87' lang='lat' dir='ltr'><strong>orthographicis</strong></span> <span class='ocrx_word' id='word_1_177' title='bbox 2494 2321 2794 2387; x_wconf 90' lang='lat' dir='ltr'><strong>codicem</strong></span> <span class='ocrx_word' id='word_1_178' title='bbox 2837 2319 2883 2386; x_wconf 91' lang='lat' dir='ltr'>S</span> 
     </span>
     <span class='ocr_line' id='line_1_24' title="bbox 428 2426 2884 2514; baseline 0 -23"><span class='ocrx_word' id='word_1_179' title='bbox 428 2426 935 2513; x_wconf 85' lang='lat' dir='ltr'><strong>praeferendum</strong></span> <span class='ocrx_word' id='word_1_180' title='bbox 973 2448 1134 2506; x_wconf 90' lang='lat' dir='ltr'><strong>esse,</strong></span> <span class='ocrx_word' id='word_1_181' title='bbox 1176 2427 1487 2493; x_wconf 90' lang='lat' dir='ltr'><strong>lectiones</strong></span> <span class='ocrx_word' id='word_1_182' title='bbox 1525 2427 1833 2494; x_wconf 91' lang='lat' dir='ltr'><strong>codicum</strong></span> <span class='ocrx_word' id='word_1_183' title='bbox 1871 2428 2279 2514; x_wconf 90' lang='lat' dir='ltr'><strong>reliquorum</strong></span> <span class='ocrx_word' id='word_1_184' title='bbox 2318 2428 2709 2514; x_wconf 90' lang='lat' dir='ltr'><strong>plerumque</strong></span> <span class='ocrx_word' id='word_1_185' title='bbox 2749 2449 2884 2492; x_wconf 91' lang='lat' dir='ltr'><strong>non</strong></span> 
     </span>
     <span class='ocr_line' id='line_1_25' title="bbox 425 2532 2885 2620; baseline 0 -23"><span class='ocrx_word' id='word_1_186' title='bbox 425 2532 799 2598; x_wconf 86' lang='lat' dir='ltr'><strong>referendas</strong></span> <span class='ocrx_word' id='word_1_187' title='bbox 826 2533 966 2619; x_wconf 92' lang='lat' dir='ltr'><strong>(pp.</strong></span> <span class='ocrx_word' id='word_1_188' title='bbox 1001 2532 1374 2618; x_wconf 90' lang='lat' dir='ltr'><strong>IX—XIII);</strong></span> <span class='ocrx_word' id='word_1_189' title='bbox 1402 2533 1472 2598; x_wconf 91' lang='lat' dir='ltr'><strong>in</strong></span> <span class='ocrx_word' id='word_1_190' title='bbox 1499 2533 1659 2599; x_wconf 93' lang='lat' dir='ltr'><strong>locis</strong></span> <span class='ocrx_word' id='word_1_191' title='bbox 1686 2534 1802 2620; x_wconf 94' lang='lat' dir='ltr'><strong>qui</strong></span> <span class='ocrx_word' id='word_1_192' title='bbox 1828 2547 2152 2600; x_wconf 91' lang='lat' dir='ltr'><strong>uocentur</strong></span> <span class='ocrx_word' id='word_1_193' title='bbox 2177 2533 2498 2620; x_wconf 90' lang='lat' dir='ltr'><strong>parallelis</strong></span> <span class='ocrx_word' id='word_1_194' title='bbox 2524 2532 2885 2598; x_wconf 88' lang='lat' dir='ltr'><strong>referendis</strong></span> 
     </span>
     <span class='ocr_line' id='line_1_26' title="bbox 425 2638 2884 2725; baseline -0 -21"><span class='ocrx_word' id='word_1_195' title='bbox 425 2640 790 2704; x_wconf 90' lang='lat' dir='ltr'><strong>Varronem</strong></span> <span class='ocrx_word' id='word_1_196' title='bbox 840 2653 906 2705; x_wconf 92' lang='lat' dir='ltr'><strong>et</strong></span> <span class='ocrx_word' id='word_1_197' title='bbox 955 2639 1320 2705; x_wconf 91' lang='lat' dir='ltr'><strong>Palladium</strong></span> <span class='ocrx_word' id='word_1_198' title='bbox 1372 2639 1889 2725; x_wconf 89' lang='lat' dir='ltr'><strong>diligentissime,</strong></span> <span class='ocrx_word' id='word_1_199' title='bbox 1943 2654 2194 2706; x_wconf 92' lang='lat' dir='ltr'><strong>ceteros</strong></span> <span class='ocrx_word' id='word_1_200' title='bbox 2244 2640 2452 2706; x_wconf 91' lang='lat' dir='ltr'><strong>rarius</strong></span> <span class='ocrx_word' id='word_1_201' title='bbox 2502 2638 2884 2705; x_wconf 86' lang='lat' dir='ltr'><strong>referendos</strong></span> 
     </span>
     <span class='ocr_line' id='line_1_27' title="bbox 425 2745 2425 2834; baseline 0.001 -24"><span class='ocrx_word' id='word_1_202' title='bbox 425 2767 566 2810; x_wconf 90' lang='lat' dir='ltr'><strong>esse</strong></span> <span class='ocrx_word' id='word_1_203' title='bbox 594 2766 717 2811; x_wconf 91' lang='lat' dir='ltr'><strong>nec</strong></span> <span class='ocrx_word' id='word_1_204' title='bbox 746 2745 963 2811; x_wconf 85' lang='lat' dir='ltr'><strong>fontes</strong></span> <span class='ocrx_word' id='word_1_205' title='bbox 993 2745 1076 2811; x_wconf 90' lang='lat' dir='ltr'><strong>ab</strong></span> <span class='ocrx_word' id='word_1_206' title='bbox 1107 2745 1586 2812; x_wconf 90' lang='lat' dir='ltr'><strong>imitationibus</strong></span> <span class='ocrx_word' id='word_1_207' title='bbox 1616 2746 2055 2833; x_wconf 90' lang='lat' dir='ltr'><strong>diiungendos</strong></span> <span class='ocrx_word' id='word_1_208' title='bbox 2085 2748 2178 2834; x_wconf 89' lang='lat' dir='ltr'><strong>(p.</strong></span> <span class='ocrx_word' id='word_1_209' title='bbox 2212 2746 2425 2832; x_wconf 85' lang='lat' dir='ltr'><strong>XIV).</strong></span> 
     </span>
    </p>

    <p class='ocr_par' dir='ltr' id='par_1_7' title="bbox 421 2850 2886 4002">
     <span class='ocr_line' id='line_1_28' title="bbox 513 2850 2885 2938; baseline 0 -22"><span class='ocrx_word' id='word_1_210' title='bbox 513 2851 594 2917; x_wconf 92' lang='lat' dir='ltr'><strong>In</strong></span> <span class='ocrx_word' id='word_1_211' title='bbox 642 2851 920 2917; x_wconf 90' lang='lat' dir='ltr'><strong>rubricis</strong></span> <span class='ocrx_word' id='word_1_212' title='bbox 961 2851 1402 2938; x_wconf 90' lang='lat' dir='ltr'><strong>capitulorum</strong></span> <span class='ocrx_word' id='word_1_213' title='bbox 1435 2851 1557 2918; x_wconf 91' lang='lat' dir='ltr'><strong>hac</strong></span> <span class='ocrx_word' id='word_1_214' title='bbox 1591 2852 1840 2918; x_wconf 88' lang='lat' dir='ltr'><strong>ratione</strong></span> <span class='ocrx_word' id='word_1_215' title='bbox 1874 2874 2034 2918; x_wconf 92' lang='lat' dir='ltr'><strong>usus</strong></span> <span class='ocrx_word' id='word_1_216' title='bbox 2067 2875 2238 2919; x_wconf 88' lang='lat' dir='ltr'><strong>sum:</strong></span> <span class='ocrx_word' id='word_1_217' title='bbox 2278 2852 2449 2918; x_wconf 90' lang='lat' dir='ltr'><strong>Sunt</strong></span> <span class='ocrx_word' id='word_1_218' title='bbox 2484 2850 2650 2917; x_wconf 90' lang='lat' dir='ltr'><strong>duae</strong></span> <span class='ocrx_word' id='word_1_219' title='bbox 2685 2851 2885 2916; x_wconf 88' lang='lat' dir='ltr'><strong>series</strong></span> 
     </span>
     <span class='ocr_line' id='line_1_29' title="bbox 426 2956 2881 3044; baseline -0 -21"><span class='ocrx_word' id='word_1_220' title='bbox 426 2957 856 3037; x_wconf 90' lang='lat' dir='ltr'><strong>rubricarum,</strong></span> <span class='ocrx_word' id='word_1_221' title='bbox 893 2980 1176 3044; x_wconf 91' lang='lat' dir='ltr'><strong>quarum</strong></span> <span class='ocrx_word' id='word_1_222' title='bbox 1209 2957 1407 3023; x_wconf 89' lang='lat' dir='ltr'><strong>altera</strong></span> <span class='ocrx_word' id='word_1_223' title='bbox 1439 2972 1824 3044; x_wconf 90' lang='lat' dir='ltr'><strong>argumenta</strong></span> <span class='ocrx_word' id='word_1_224' title='bbox 1855 2958 2177 3025; x_wconf 90' lang='lat' dir='ltr'><strong>librorum</strong></span> <span class='ocrx_word' id='word_1_225' title='bbox 2209 2958 2621 3044; x_wconf 89' lang='lat' dir='ltr'><strong>singulorum</strong></span> <span class='ocrx_word' id='word_1_226' title='bbox 2654 2956 2881 3035; x_wconf 88' lang='lat' dir='ltr'><strong>efficit,</strong></span> 
     </span>
     <span class='ocr_line' id='line_1_30' title="bbox 424 3063 2880 3151; baseline -0 -22"><span class='ocrx_word' id='word_1_227' title='bbox 424 3064 508 3130; x_wconf 91' lang='lat' dir='ltr'><strong>ab</strong></span> <span class='ocrx_word' id='word_1_228' title='bbox 553 3064 865 3130; x_wconf 91' lang='lat' dir='ltr'><strong>omnibus</strong></span> <span class='ocrx_word' id='word_1_229' title='bbox 907 3063 1045 3129; x_wconf 89' lang='lat' dir='ltr'><strong>fere</strong></span> <span class='ocrx_word' id='word_1_230' title='bbox 1089 3064 1429 3130; x_wconf 92' lang='lat' dir='ltr'><strong>codicibus</strong></span> <span class='ocrx_word' id='word_1_231' title='bbox 1472 3078 1625 3130; x_wconf 90' lang='lat' dir='ltr'><strong>ante</strong></span> <span class='ocrx_word' id='word_1_232' title='bbox 1667 3078 1924 3131; x_wconf 92' lang='lat' dir='ltr'><strong>textum</strong></span> <span class='ocrx_word' id='word_1_233' title='bbox 1968 3065 2138 3144; x_wconf 90' lang='lat' dir='ltr'><strong>libri,</strong></span> <span class='ocrx_word' id='word_1_234' title='bbox 2185 3064 2270 3130; x_wconf 91' lang='lat' dir='ltr'><strong>ad</strong></span> <span class='ocrx_word' id='word_1_235' title='bbox 2315 3087 2517 3151; x_wconf 92' lang='lat' dir='ltr'><strong>quem</strong></span> <span class='ocrx_word' id='word_1_236' title='bbox 2560 3077 2880 3150; x_wconf 87' lang='lat' dir='ltr'><strong>spectant,</strong></span> 
     </span>
     <span class='ocr_line' id='line_1_31' title="bbox 426 3169 2883 3257; baseline -0.001 -21"><span class='ocrx_word' id='word_1_237' title='bbox 426 3184 805 3236; x_wconf 88' lang='lat' dir='ltr'><strong>enumerata</strong></span> <span class='ocrx_word' id='word_1_238' title='bbox 865 3208 952 3217; x_wconf 97' lang='lat'>—</span> <span class='ocrx_word' id='word_1_239' title='bbox 1013 3169 1074 3236; x_wconf 89' lang='lat' dir='ltr'><strong>ei</strong></span> <span class='ocrx_word' id='word_1_240' title='bbox 1135 3170 1510 3236; x_wconf 90' lang='lat' dir='ltr'><strong>simillimus</strong></span> <span class='ocrx_word' id='word_1_241' title='bbox 1572 3185 1671 3237; x_wconf 90' lang='lat' dir='ltr'><strong>est</strong></span> <span class='ocrx_word' id='word_1_242' title='bbox 1733 3171 1932 3237; x_wconf 87' lang='lat' dir='ltr'><strong>index</strong></span> <span class='ocrx_word' id='word_1_243' title='bbox 1992 3171 2196 3237; x_wconf 89' lang='lat' dir='ltr'><strong>totius</strong></span> <span class='ocrx_word' id='word_1_244' title='bbox 2257 3171 2495 3257; x_wconf 90' lang='lat' dir='ltr'><strong>operis,</strong></span> <span class='ocrx_word' id='word_1_245' title='bbox 2561 3191 2765 3256; x_wconf 88' lang='lat' dir='ltr'><strong>quem</strong></span> <span class='ocrx_word' id='word_1_246' title='bbox 2812 3169 2883 3234; x_wconf 91' lang='lat' dir='ltr'><strong>in</strong></span> 
     </span>
     <span class='ocr_line' id='line_1_32' title="bbox 424 3276 2885 3365; baseline -0 -23"><span class='ocrx_word' id='word_1_247' title='bbox 424 3277 661 3343; x_wconf 91' lang='lat' dir='ltr'><strong>ultimo</strong></span> <span class='ocrx_word' id='word_1_248' title='bbox 692 3277 860 3342; x_wconf 91' lang='lat' dir='ltr'><strong>libro</strong></span> <span class='ocrx_word' id='word_1_249' title='bbox 891 3277 1247 3343; x_wconf 92' lang='lat' dir='ltr'><strong>undecimo</strong></span> <span class='ocrx_word' id='word_1_250' title='bbox 1280 3276 1648 3343; x_wconf 90' lang='lat' dir='ltr'><strong>Columella</strong></span> <span class='ocrx_word' id='word_1_251' title='bbox 1678 3277 1818 3364; x_wconf 91' lang='lat' dir='ltr'><strong>ipse</strong></span> <span class='ocrx_word' id='word_1_252' title='bbox 1843 3277 2113 3365; x_wconf 89' lang='lat' dir='ltr'><strong>praebet</strong></span> <span class='ocrx_word' id='word_1_253' title='bbox 2134 3315 2239 3357; x_wconf 97' lang='lat'><strong>—,</strong></span> <span class='ocrx_word' id='word_1_254' title='bbox 2267 3277 2465 3343; x_wconf 90' lang='lat' dir='ltr'><strong>altera</strong></span> <span class='ocrx_word' id='word_1_255' title='bbox 2488 3298 2606 3363; x_wconf 91' lang='lat' dir='ltr'><strong>per</strong></span> <span class='ocrx_word' id='word_1_256' title='bbox 2628 3290 2885 3342; x_wconf 87' lang='lat' dir='ltr'><strong>textum</strong></span> 
     </span>
     <span class='ocr_line' id='line_1_33' title="bbox 426 3381 2884 3470; baseline -0 -21"><span class='ocrx_word' id='word_1_257' title='bbox 426 3383 776 3450; x_wconf 90' lang='lat' dir='ltr'><strong>distributa</strong></span> <span class='ocrx_word' id='word_1_258' title='bbox 820 3383 1112 3449; x_wconf 88' lang='lat' dir='ltr'><strong>rubricas</strong></span> <span class='ocrx_word' id='word_1_259' title='bbox 1154 3383 1595 3470; x_wconf 90' lang='lat' dir='ltr'><strong>capitulorum</strong></span> <span class='ocrx_word' id='word_1_260' title='bbox 1638 3382 1862 3463; x_wconf 88' lang='lat' dir='ltr'><strong>efficit;</strong></span> <span class='ocrx_word' id='word_1_261' title='bbox 1908 3406 2076 3470; x_wconf 90' lang='lat' dir='ltr'><strong>quae</strong></span> <span class='ocrx_word' id='word_1_262' title='bbox 2122 3384 2418 3449; x_wconf 87' lang='lat' dir='ltr'><strong>rubricae</strong></span> <span class='ocrx_word' id='word_1_263' title='bbox 2461 3405 2500 3448; x_wconf 93' lang='lat' dir='ltr'><strong>a</strong></span> <span class='ocrx_word' id='word_1_264' title='bbox 2541 3381 2884 3448; x_wconf 90' lang='lat' dir='ltr'><strong>codicibus</strong></span> 
     </span>
     <span class='ocr_line' id='line_1_34' title="bbox 427 3488 2881 3576; baseline -0.001 -20"><span class='ocrx_word' id='word_1_265' title='bbox 427 3489 473 3556; x_wconf 91' lang='lat' dir='ltr'>S</span> <span class='ocrx_word' id='word_1_266' title='bbox 501 3503 566 3555; x_wconf 93' lang='lat' dir='ltr'><strong>et</strong></span> <span class='ocrx_word' id='word_1_267' title='bbox 591 3491 654 3555; x_wconf 92' lang='lat' dir='ltr'><strong>A</strong></span> <span class='ocrx_word' id='word_1_268' title='bbox 678 3503 744 3555; x_wconf 91' lang='lat' dir='ltr'><strong>et</strong></span> <span class='ocrx_word' id='word_1_269' title='bbox 769 3489 1021 3576; x_wconf 92' lang='lat' dir='ltr'><strong>aliquot</strong></span> <span class='ocrx_word' id='word_1_270' title='bbox 1046 3511 1082 3555; x_wconf 90' lang='lat' dir='ltr'><strong>e</strong></span> <span class='ocrx_word' id='word_1_271' title='bbox 1108 3489 1582 3555; x_wconf 90' lang='lat' dir='ltr'><strong>recentioribus</strong></span> <span class='ocrx_word' id='word_1_272' title='bbox 1608 3488 1899 3576; x_wconf 75' lang='lat' dir='ltr'><strong>(hbfryc)</strong></span> <span class='ocrx_word' id='word_1_273' title='bbox 1928 3489 2257 3576; x_wconf 91' lang='lat' dir='ltr'><strong>praebitae</strong></span> <span class='ocrx_word' id='word_1_274' title='bbox 2283 3488 2662 3576; x_wconf 88' lang='lat' dir='ltr'><strong>saepissime</strong></span> <span class='ocrx_word' id='word_1_275' title='bbox 2688 3511 2881 3574; x_wconf 90' lang='lat' dir='ltr'><strong>argu-</strong></span> 
     </span>
     <span class='ocr_line' id='line_1_35' title="bbox 425 3594 2884 3682; baseline -0.001 -21"><span class='ocrx_word' id='word_1_276' title='bbox 425 3596 667 3662; x_wconf 89' lang='lat' dir='ltr'><strong>mentis</strong></span> <span class='ocrx_word' id='word_1_277' title='bbox 708 3595 1029 3661; x_wconf 90' lang='lat' dir='ltr'><strong>librorum</strong></span> <span class='ocrx_word' id='word_1_278' title='bbox 1072 3595 1420 3661; x_wconf 89' lang='lat' dir='ltr'><strong>dissimiles</strong></span> <span class='ocrx_word' id='word_1_279' title='bbox 1461 3609 1637 3661; x_wconf 92' lang='lat' dir='ltr'><strong>sunt.</strong></span> <span class='ocrx_word' id='word_1_280' title='bbox 1684 3595 1809 3661; x_wconf 88' lang='lat' dir='ltr'><strong>Eas</strong></span> <span class='ocrx_word' id='word_1_281' title='bbox 1852 3596 2144 3662; x_wconf 91' lang='lat' dir='ltr'><strong>rubricas</strong></span> <span class='ocrx_word' id='word_1_282' title='bbox 2185 3595 2441 3682; x_wconf 83' lang='lat' dir='ltr'><strong>respexi</strong></span> <span class='ocrx_word' id='word_1_283' title='bbox 2481 3608 2547 3660; x_wconf 92' lang='lat' dir='ltr'><strong>et</strong></span> <span class='ocrx_word' id='word_1_284' title='bbox 2588 3594 2884 3660; x_wconf 88' lang='lat' dir='ltr'><strong>rubricas</strong></span> 
     </span>
     <span class='ocr_line' id='line_1_36' title="bbox 422 3701 2886 3789; baseline -0.001 -20"><span class='ocrx_word' id='word_1_285' title='bbox 422 3703 731 3769; x_wconf 93' lang='lat' dir='ltr'><strong>codicum</strong></span> <span class='ocrx_word' id='word_1_286' title='bbox 795 3703 1146 3789; x_wconf 59' lang='lat' dir='ltr'><strong>wasscqym</strong></span> <span class='ocrx_word' id='word_1_287' title='bbox 1212 3701 1486 3788; x_wconf 88' lang='lat' dir='ltr'><strong>neglexi:</strong></span> <span class='ocrx_word' id='word_1_288' title='bbox 1555 3724 1725 3788; x_wconf 90' lang='lat' dir='ltr'><strong>quae</strong></span> <span class='ocrx_word' id='word_1_289' title='bbox 1790 3725 1945 3768; x_wconf 92' lang='lat' dir='ltr'><strong>cum</strong></span> <span class='ocrx_word' id='word_1_290' title='bbox 2010 3702 2146 3768; x_wconf 88' lang='lat' dir='ltr'><strong>fere</strong></span> <span class='ocrx_word' id='word_1_291' title='bbox 2198 3702 2268 3768; x_wconf 93' lang='lat' dir='ltr'><strong>in</strong></span> <span class='ocrx_word' id='word_1_292' title='bbox 2320 3701 2633 3767; x_wconf 91' lang='lat' dir='ltr'><strong>omnibus</strong></span> <span class='ocrx_word' id='word_1_293' title='bbox 2684 3701 2886 3766; x_wconf 87' lang='lat' dir='ltr'><strong>rebus</strong></span> 
     </span>
     <span class='ocr_line' id='line_1_37' title="bbox 422 3807 2885 3896; baseline -0 -21"><span class='ocrx_word' id='word_1_294' title='bbox 422 3810 668 3875; x_wconf 91' lang='lat' dir='ltr'><strong>similes</strong></span> <span class='ocrx_word' id='word_1_295' title='bbox 700 3810 1103 3895; x_wconf 87' lang='lat' dir='ltr'><strong>argumentis</strong></span> <span class='ocrx_word' id='word_1_296' title='bbox 1133 3809 1285 3889; x_wconf 92' lang='lat' dir='ltr'><strong>sint,</strong></span> <span class='ocrx_word' id='word_1_297' title='bbox 1321 3823 1591 3895; x_wconf 90' lang='lat' dir='ltr'><strong>apparet</strong></span> <span class='ocrx_word' id='word_1_298' title='bbox 1622 3831 1730 3875; x_wconf 89' lang='lat' dir='ltr'><strong>eas</strong></span> <span class='ocrx_word' id='word_1_299' title='bbox 1761 3832 1798 3875; x_wconf 91' lang='lat' dir='ltr'><strong>a</strong></span> <span class='ocrx_word' id='word_1_300' title='bbox 1830 3810 2155 3896; x_wconf 91' lang='lat' dir='ltr'><strong>principio</strong></span> <span class='ocrx_word' id='word_1_301' title='bbox 2186 3831 2324 3875; x_wconf 91' lang='lat' dir='ltr'><strong>non</strong></span> <span class='ocrx_word' id='word_1_302' title='bbox 2356 3808 2649 3875; x_wconf 88' lang='lat' dir='ltr'><strong>rubricas</strong></span> <span class='ocrx_word' id='word_1_303' title='bbox 2681 3807 2885 3874; x_wconf 87' lang='lat' dir='ltr'><strong>fuisse</strong></span> 
     </span>
     <span class='ocr_line' id='line_1_38' title="bbox 421 3916 2177 4002; baseline -0.001 -20"><span class='ocrx_word' id='word_1_304' title='bbox 421 3916 538 3982; x_wconf 93' lang='lat' dir='ltr'><strong>sed</strong></span> <span class='ocrx_word' id='word_1_305' title='bbox 567 3930 970 4002; x_wconf 90' lang='lat' dir='ltr'><strong>argumenta,</strong></span> <span class='ocrx_word' id='word_1_306' title='bbox 1002 3937 1170 4002; x_wconf 91' lang='lat' dir='ltr'><strong>quae</strong></span> <span class='ocrx_word' id='word_1_307' title='bbox 1199 3938 1316 4002; x_wconf 93' lang='lat' dir='ltr'><strong>per</strong></span> <span class='ocrx_word' id='word_1_308' title='bbox 1342 3928 1599 3981; x_wconf 90' lang='lat' dir='ltr'><strong>textum</strong></span> <span class='ocrx_word' id='word_1_309' title='bbox 1627 3916 1976 3981; x_wconf 91' lang='lat' dir='ltr'><strong>distributa</strong></span> <span class='ocrx_word' id='word_1_310' title='bbox 2002 3930 2177 3982; x_wconf 90' lang='lat' dir='ltr'><strong>sunt.</strong></span> 
     </span>
    </p>

    <p class='ocr_par' dir='ltr' id='par_1_8' title="bbox 413 4021 2886 4535">
     <span class='ocr_line' id='line_1_39' title="bbox 507 4021 2886 4109; baseline -0 -22"><span class='ocrx_word' id='word_1_311' title='bbox 507 4022 725 4088; x_wconf 90' lang='lat' dir='ltr'><strong>Verba</strong></span> <span class='ocrx_word' id='word_1_312' title='bbox 753 4022 1004 4109; x_wconf 91' lang='lat' dir='ltr'><strong>aliquot</strong></span> <span class='ocrx_word' id='word_1_313' title='bbox 1032 4021 1440 4108; x_wconf 90' lang='lat' dir='ltr'><strong>ubicumque</strong></span> <span class='ocrx_word' id='word_1_314' title='bbox 1468 4021 1866 4108; x_wconf 90' lang='lat' dir='ltr'><strong>praebentur</strong></span> <span class='ocrx_word' id='word_1_315' title='bbox 1894 4022 2131 4088; x_wconf 89' lang='lat' dir='ltr'><strong>iisdem</strong></span> <span class='ocrx_word' id='word_1_316' title='bbox 2158 4043 2314 4088; x_wconf 91' lang='lat' dir='ltr'><strong>cum</strong></span> <span class='ocrx_word' id='word_1_317' title='bbox 2341 4021 2818 4088; x_wconf 90' lang='lat' dir='ltr'><strong>uariationibus</strong></span> <span class='ocrx_word' id='word_1_318' title='bbox 2847 4044 2886 4086; x_wconf 88' lang='lat' dir='ltr'><strong>a</strong></span> 
     </span>
     <span class='ocr_line' id='line_1_40' title="bbox 421 4127 2885 4215; baseline -0 -21"><span class='ocrx_word' id='word_1_319' title='bbox 421 4129 763 4194; x_wconf 91' lang='lat' dir='ltr'><strong>codicibus</strong></span> <span class='ocrx_word' id='word_1_320' title='bbox 804 4127 1222 4215; x_wconf 87' lang='lat' dir='ltr'><strong>praebentur:</strong></span> <span class='ocrx_word' id='word_1_321' title='bbox 1265 4128 1478 4193; x_wconf 91' lang='lat' dir='ltr'><strong>scriba</strong></span> <span class='ocrx_word' id='word_1_322' title='bbox 1519 4127 1751 4213; x_wconf 92' lang='lat' dir='ltr'><strong>legem,</strong></span> <span class='ocrx_word' id='word_1_323' title='bbox 1797 4127 2137 4214; x_wconf 92' lang='lat' dir='ltr'><strong>quomodo</strong></span> <span class='ocrx_word' id='word_1_324' title='bbox 2177 4150 2254 4193; x_wconf 93' lang='lat' dir='ltr'><strong>ea</strong></span> <span class='ocrx_word' id='word_1_325' title='bbox 2292 4128 2496 4194; x_wconf 90' lang='lat' dir='ltr'><strong>uerba</strong></span> <span class='ocrx_word' id='word_1_326' title='bbox 2536 4128 2885 4194; x_wconf 90' lang='lat' dir='ltr'><strong>scribenda</strong></span> 
     </span>
     <span class='ocr_line' id='line_1_41' title="bbox 419 4233 2881 4321; baseline 0 -22"><span class='ocrx_word' id='word_1_327' title='bbox 419 4248 659 4314; x_wconf 90' lang='lat' dir='ltr'><strong>essent,</strong></span> <span class='ocrx_word' id='word_1_328' title='bbox 689 4234 996 4300; x_wconf 88' lang='lat' dir='ltr'><strong>habuisse</strong></span> <span class='ocrx_word' id='word_1_329' title='bbox 1024 4256 1146 4300; x_wconf 92' lang='lat' dir='ltr'><strong>nec</strong></span> <span class='ocrx_word' id='word_1_330' title='bbox 1171 4235 1565 4321; x_wconf 90' lang='lat' dir='ltr'><strong>scripturam</strong></span> <span class='ocrx_word' id='word_1_331' title='bbox 1590 4234 1979 4320; x_wconf 89' lang='lat' dir='ltr'><strong>exemplaris</strong></span> <span class='ocrx_word' id='word_1_332' title='bbox 2005 4234 2107 4300; x_wconf 92' lang='lat' dir='ltr'><strong>sui</strong></span> <span class='ocrx_word' id='word_1_333' title='bbox 2135 4249 2400 4300; x_wconf 90' lang='lat' dir='ltr'><strong>secutus</strong></span> <span class='ocrx_word' id='word_1_334' title='bbox 2425 4255 2567 4299; x_wconf 93' lang='lat' dir='ltr'><strong>esse</strong></span> <span class='ocrx_word' id='word_1_335' title='bbox 2593 4233 2881 4300; x_wconf 89' lang='lat' dir='ltr'><strong>uidetur.</strong></span> 
     </span>
     <span class='ocr_line' id='line_1_42' title="bbox 421 4339 2883 4428; baseline 0 -24"><span class='ocrx_word' id='word_1_336' title='bbox 421 4339 601 4405; x_wconf 90' lang='lat' dir='ltr'><strong>Mihi</strong></span> <span class='ocrx_word' id='word_1_337' title='bbox 646 4341 978 4428; x_wconf 91' lang='lat' dir='ltr'><strong>optimum</strong></span> <span class='ocrx_word' id='word_1_338' title='bbox 1022 4341 1244 4406; x_wconf 90' lang='lat' dir='ltr'><strong>uisum</strong></span> <span class='ocrx_word' id='word_1_339' title='bbox 1288 4353 1387 4407; x_wconf 89' lang='lat' dir='ltr'><strong>est</strong></span> <span class='ocrx_word' id='word_1_340' title='bbox 1431 4363 1506 4406; x_wconf 91' lang='lat' dir='ltr'><strong>ea</strong></span> <span class='ocrx_word' id='word_1_341' title='bbox 1549 4340 1756 4406; x_wconf 90' lang='lat' dir='ltr'><strong>uerba</strong></span> <span class='ocrx_word' id='word_1_342' title='bbox 1797 4339 1968 4405; x_wconf 89' lang='lat' dir='ltr'><strong>infra</strong></span> <span class='ocrx_word' id='word_1_343' title='bbox 2011 4340 2273 4419; x_wconf 85' lang='lat' dir='ltr'><strong>referre,</strong></span> <span class='ocrx_word' id='word_1_344' title='bbox 2320 4361 2404 4406; x_wconf 89' lang='lat' dir='ltr'><strong>ne</strong></span> <span class='ocrx_word' id='word_1_345' title='bbox 2449 4340 2518 4404; x_wconf 92' lang='lat' dir='ltr'><strong>in</strong></span> <span class='ocrx_word' id='word_1_346' title='bbox 2564 4353 2883 4426; x_wconf 87' lang='lat' dir='ltr'><strong>apparatu</strong></span> 
     </span>
     <span class='ocr_line' id='line_1_43' title="bbox 413 4444 2075 4535; baseline 0.002 -27"><span class='ocrx_word' id='word_1_347' title='bbox 413 4444 648 4513; x_wconf 89' lang='lat' dir='ltr'><strong>critico</strong></span> <span class='ocrx_word' id='word_1_348' title='bbox 678 4446 948 4513; x_wconf 89' lang='lat' dir='ltr'><strong>eaedem</strong></span> <span class='ocrx_word' id='word_1_349' title='bbox 979 4446 1372 4513; x_wconf 89' lang='lat' dir='ltr'><strong>uariationes</strong></span> <span class='ocrx_word' id='word_1_350' title='bbox 1403 4446 1664 4535; x_wconf 88' lang='lat' dir='ltr'><strong>saepius</strong></span> <span class='ocrx_word' id='word_1_351' title='bbox 1695 4447 2075 4512; x_wconf 88' lang='lat' dir='ltr'><strong>reddantur:</strong></span> 
     </span>
    </p>
   </div>
   <div class='ocr_carea' id='block_1_4' title="bbox 0 4596 3109 5288">
    <p class='ocr_par' dir='ltr' id='par_1_9' title="bbox 0 4596 3109 5288">
     <span class='ocr_line' id='line_1_44' title="bbox 0 4596 3109 5288; baseline 0 271"><span class='ocrx_word' id='word_1_352' title='bbox 0 4596 3109 5288; x_wconf 95' lang='lat' dir='ltr'><strong> </strong></span> 
     </span>
    </p>
   </div>
  </div>
 </body>
</html>
