3109 5559
1139 389 1238 430 REI
1287 389 1596 432 RVSTICAE
1644 390 1758 432 ΗΒ.
1809 390 1825 430 1
1873 396 1917 427 c.
1957 380 1988 427 8
2599 389 2672 449 41

443 548 843 630 singulorum
914 546 1278 609 officiorum
1345 548 1576 611 sedulo
1648 549 1867 611 munia
1935 569 2053 609 sua
2100 562 2570 630 exsequuntur,
2619 562 2686 612 et

441 658 631 718 ceteri
709 667 863 736 post
934 654 1386 736 fatigationem
1456 657 1678 737 operis
1747 657 1950 738 quieti
2016 676 2093 718 ac
2162 676 2400 718 somno
2467 658 2687 737 potius

442 783 633 843 quam
684 762 937 826 deliciis
984 782 1256 843 operam
1305 763 1578 825 dabunt.
1674 762 1959 843 iam‚illa
2009 776 2251 837 uetera,
2300 764 2420 825 sed
2454 765 2684 843 optimi
2719 780 2791 824 12

443 873 656 945 moriS,
738 891 908 951 quae
977 890 1149 931 nunc
1217 869 1669 945 exoleuerunt,
1742 872 1988 933 utinam
2061 872 2318 951 possint
2382 873 2685 951 optineri,

398 998 515 1056 5ne
580 998 916 1040 conseruo
965 978 1264 1040 ministro
1312 998 1667 1058 quoquam,
1727 979 1849 1039 nisi
1900 979 1964 1039 in
2014 999 2081 1041 re
2127 978 2399 1053 domini,
2450 990 2684 1050 utatur,

442 1105 513 1146 ne
576 1085 807 1147 cibum
879 1085 1001 1146 nisi
1072 1086 1135 1146 in
1208 1097 1574 1166 conspectu
1646 1084 1931 1147 familiae
2003 1086 2226 1165 capiat
2273 1105 2442 1147 neue
2489 1085 2687 1148 alium

437 1212 627 1272 quam
679 1193 791 1273 qui
840 1193 1076 1255 ceteris
1124 1192 1490 1274 praebetur.
1585 1193 1681 1254 sic
1731 1193 1906 1253 enim
1951 1192 2226 1265 curabit,
2285 1204 2356 1254 ut
2405 1203 2473 1254 et
2500 1194 2688 1272 panis

439 1299 786 1380 diligenter
833 1298 1077 1361 confiat
1122 1310 1187 1361 et
1236 1297 1482 1379 reliqua
1514 1298 1857 1361 salubriter
1889 1300 2308 1379 adparentur.
2390 1319 2473 1361 ne
2503 1311 2690 1362 extra

438 1405 595 1468 fines
644 1407 771 1467 nisi
818 1426 857 1467 a
904 1425 977 1467 se
1026 1407 1298 1468 missum
1348 1406 1655 1486 progredi
1702 1407 1899 1481 sinat,
1948 1406 2067 1467 sed
2112 1425 2231 1467 nec
2266 1406 2409 1486 ipse
2453 1407 2686 1481 mittat,

369 1541 422 1576 ιο
440 1514 551 1575 nisi
617 1533 864 1594 magna
912 1513 1307 1575 necessitate
1354 1524 1659 1593 cogente.
1756 1533 1924 1575 nene
1973 1513 2344 1593 negotietur
2388 1513 2514 1575 sibi
2585 1534 2690 1594 pe·
2721 1530 2792 1591 13

437 1622 827 1701 cuniamque
896 1619 1148 1681 domini
1218 1631 1329 1682 aut
1377 1618 1767 1682 animalibus
1814 1631 1928 1682 aut
1976 1619 2171 1681 rebus
2217 1618 2360 1682 aliis
2408 1640 2690 1700 promer·

437 1728 686 1789 calibus
734 1738 1047 1807 occupet;
1097 1727 1262 1789 haec
1310 1728 1485 1789 enim
1533 1728 1900 1809 negotiatio
1948 1747 2171 1789 curam
2229 1726 2398 1789 uilici
2454 1740 2691 1791 auocat

437 1855 553 1895 nec
628 1854 941 1915 umquam
1014 1835 1300 1913 patietur
1368 1854 1519 1896 eum
1591 1853 1740 1896 cum
1802 1834 2161 1897 rationibus
2208 1834 2462 1896 domini
2509 1836 2690 1915 paria

440 1941 673 2015 facere,
732 1941 852 2003 sed
903 1940 1013 2002 ubi
1064 1942 1430 2004 numeratio
1478 1942 1802 2022 exigetur,
1838 1962 1973 2003 rem
2009 1961 2129 2021 pro
2161 1942 2444 2003 nummis
2476 1952 2691 2003 osten-

361 2076 412 2127 ¹5
436 2050 548 2110 dit.
650 2050 715 2110 in
775 2049 1151 2111 uniuersum
1210 2058 1429 2110 tamen
1477 2049 1607 2110 hoc
1655 2049 1944 2110 maxime
1992 2049 2426 2128 optinendum
2475 2049 2562 2111 ab
2607 2069 2689 2110 eo

433 2169 552 2229 est,
606 2155 855 2236 nequid
903 2175 975 2217 se
1024 2167 1210 2235 putet
1256 2156 1441 2229 scire,
1486 2156 1667 2235 quod
1701 2156 1970 2229 nesciat,
2003 2168 2405 2236 quaeratque
2436 2175 2693 2236 semper

433 2263 800 2337 addiscere,
849 2263 1030 2342 quod
1078 2264 1358 2343 ignorat.
1456 2283 1607 2324 nam
1657 2282 1804 2324 cum
1855 2262 2130 2324 multum
2183 2264 2451 2342 prodest
2487 2264 2692 2342 perite
2723 2279 2798 2338 14

430 2370 594 2450 quid
644 2369 880 2444 facere,
931 2381 1070 2432 tum
1120 2368 1264 2449 plus
1311 2368 1506 2431 obest
1556 2389 1902 2450 perperam
1954 2369 2204 2431 fecisse.
2286 2390 2484 2431 unum
2516 2371 2689 2430 enim

432 2496 510 2538 ac
582 2475 800 2538 solum
870 2478 1245 2539 dominatur
1301 2477 1364 2538 in
1415 2460 1860 2550 rusticatione,
1911 2476 2219 2556 quicquid
2268 2477 2480 2558 exigit
2526 2477 2691 2538 ratio

350 2583 753 2657 zoculturae‚
825 2582 1027 2647 semel
1102 2583 1337 2655 facere,
1400 2584 1649 2663 quippe
1696 2603 1846 2644 cum
1895 2584 2280 2645 emendatur
2327 2582 2427 2644 uel
2479 2584 2690 2663 inpru-

431 2691 665 2753 dentia
737 2691 839 2753 uel
909 2689 1352 2772 neglegentia,
1426 2692 1555 2753 iam
1616 2710 1718 2753 res
1764 2692 1909 2771 ipsa
1954 2691 2225 2752 decoxit
2271 2710 2395 2752 nec
2444 2692 2507 2752 in
2560 2702 2691 2752 tan·

432 2809 575 2859 tum
651 2799 1010 2879 postmodo
1079 2798 1420 2870 exuberat,
1491 2808 1562 2859 ut
1632 2808 1698 2859 et
1768 2817 1841 2859 se
1908 2798 2219 2859 amissam
2278 2799 2579 2859 restituat
2626 2810 2694 2859 et

431 2915 792 2985 quaestum
840 2915 1210 2985 temporum
1265 2906 1767 2985 praeteritorum
1818 2905 2144 2967 resarciat.

621 3011 693 3073 In
762 3014 998 3075 ceteris
1069 3013 1277 3074 seruis
1309 3013 1502 3077 ‚haec
1564 3011 1696 3073 sere
1746 3022 2101 3092 praecepta
2149 3013 2475 3074 seruanda
2522 3024 2692 3085 sunt,
2727 3026 2795 3091 15

346 3148 407 3199 25
433 3140 617 3200 quae
690 3139 796 3181 me
866 3120 1236 3181 custodisse
1307 3140 1441 3181 non
1492 3120 1806 3200 paenitet,
1857 3131 1928 3180 ut
1977 3120 2279 3193 rusticos,
2331 3120 2438 3199 qui
2492 3119 2694 3180 modo

430 3248 571 3289 non
646 3228 1066 3289 incommode
1126 3247 1198 3288 se
1260 3228 1642 3307 gessissent.
1707 3228 1973 3307 saepius
2029 3247 2226 3307 quam
2277 3225 2564 3287 urbanos
2612 3225 2695 3287 fa·

429 3333 757 3396 miliarius
828 3332 1220 3415 adloquerer
1290 3345 1358 3395 et
1428 3353 1578 3395 cum
1640 3333 1764 3395 hac
1836 3334 2148 3395 comitate
2195 3334 2444 3396 domini
2496 3332 2696 3394 leuari

632 3506 652 3541 1
686 3502 1051 3555 exsequuntur
1076 3494 1165 3544 uel
1185 3502 1517 3554 exequuntur
1544 3500 1584 3543 Β
1612 3501 1970 3555 exsequantur
1988 3489 2186 3544 sAd¹so
2258 3501 2312 3542 et
2345 3500 2387 3543 Β
2418 3495 2511 3542 sed
2534 3488 2699 3542 sAd‘o

626 3598 657 3643 3
697 3585 793 3632 sed
829 3581 936 3633 SA&
975 3591 1028 3633 et
1065 3587 1108 3633 Β
1254 3601 1283 3644 4
1324 3585 1701 3632 exsoleuerunt
1734 3580 1869 3632 ΒΔιΙι
1908 3585 2251 3633 exsoluerunt
2287 3580 2344 3632 α’
2383 3583 2696 3631 exoluerunt

426 3676 535 3723 ⁸56
673 3674 894 3734 optineri
921 3676 995 3722 SA
1036 3672 1271 3735 optinere
1319 3675 1446 3722 adin
1485 3673 1723 3721 obtinere
1761 3678 1804 3722 Β
1973 3675 2005 3721 8
2045 3673 2239 3721 confiat
2276 3666 2698 3730 snabfflgklmn'

424 3762 652 3811 coficiat
690 3776 717 3810 s
755 3763 1064 3811 conficiatur
1090 3763 1171 3809 uel
1193 3763 1491 3811 confitiatur
1525 3754 1842 3822 cd²pqtii¹m
2011 3763 2327 3823 adparentur
2351 3763 2422 3810 Sa
2448 3762 2699 3823 adperen-

428 3864 524 3901 tur
554 3854 600 3901 A
627 3860 945 3913 apparentur
970 3855 1013 3901 Β
1200 3868 1262 3899 10
1288 3852 1622 3915 negotientur
1636 3846 1838 3900 SAnd¹n
1947 3845 2328 3915 auilicin'uocat
2348 3853 2366 3904 ί
2367 3860 2447 3914 pr.
2470 3867 2500 3899 a
2521 3852 2698 3914 εει-μμ

639 3955 701 4002 ¹3
723 3956 948 4002 unquam
970 3947 1013 3991 Β
1144 3938 1338 4003 palli-ia
1357 3945 1390 3990 S
1530 3955 1591 4001 15
1621 3942 1957 4003 optinendum
1983 3942 2080 3990 SA!
2118 3942 2453 3989 obtinendum
2496 3944 2536 3989 Β

389 4048 401 4059 ·
438 4048 508 4093 ¹9
554 4031 795 4091 quitquid
833 4028 874 4092 (t
911 4046 1039 4079 eras.
1079 4037 1124 4076 et
1159 4047 1185 4077 c
1223 4030 1340 4088 scr.)
1377 4034 1412 4079 S
1450 4030 1687 4091 quidquit
1720 4028 1794 4083 (ιή
1822 4031 2065 4091 quicquid
2094 4045 2221 4077 corr.
2251 4046 2320 4077 m.
2362 4027 2473 4088 rec.)
2499 4033 2536 4078 A

427 4137 508 4171 no
555 4120 958 4168 commendatur
982 4117 1054 4168 Δδ
1200 4120 1545 4181 imprudentia
1573 4122 1616 4168 Β
1797 4135 1858 4167 21
1904 4119 2216 4182 negligentia
2241 4124 2283 4167 Β
2452 4135 2517 4165 22
2559 4126 2700 4179 post·

426 4211 612 4259 modo
636 4211 707 4257 SA
735 4209 1069 4270 postmodum
1110 4215 1149 4258 Β
1185 4216 1372 4271 postea
1411 4211 1471 4257 tii
1679 4212 1747 4257 26
1782 4224 1934 4270 quam
1973 4211 2053 4257 SR
2092 4209 2177 4268 qui
2217 4203 2315 4255 Ad¹
2473 4210 2700 4255 urbanus

428 4298 509 4349 Aa
555 4299 646 4353 (us
686 4300 739 4344 in
779 4314 840 4347 os
873 4304 1046 4361 postea
1085 4304 1233 4349 corr.)
1259 4302 1293 4347 S
1421 4298 1762 4347 familiaribus
1802 4304 1841 4347 Β
1868 4299 2061 4363 aliquot
2240 4311 2304 4357 27
2335 4298 2632 4357 alloquerer
2660 4299 2702 4345 Β

634 4403 751 4435 cum
780 4389 875 4436 hac
914 4385 1273 4437 Schneiderus:
1301 4390 1396 4436 hac
1423 4389 1458 4436 S
1485 4388 1580 4436 hac
1610 4391 1647 4436 A
1674 4406 1705 4437 a
1725 4394 1764 4437 Β
1804 4403 1917 4435 cum
1958 4393 2073 4434 uett.
2111 4386 2221 4435 edd.
2343 4386 2586 4435 comitatu
2629 4388 2664 4434 Δ
