3109 5559
657 531 717 579 35

686 1700 713 1748 S

1918 166 2038 233 Rei
2068 166 2346 234 rusticae
2376 166 2460 233 lib

762 342 992 409 Aliter

847 520 894 584 5
939 502 1256 589 Ligustici
1297 503 1585 582 unciam,
1631 524 1856 589 passae
1896 525 2087 582 uuae,
2134 503 2441 570 detractis

763 623 1026 676 mentae
1053 609 1269 676 aridae
1296 623 1684 689 sextantem,
1715 610 1960 697 piperis
1986 609 2119 675 albi
2146 610 2253 675 uel
2281 609 2448 696 nigri

759 715 1080 781 maiorem
1105 715 1451 802 inpensam
1477 715 1740 795 uitabi8‚
1771 729 2050 803 possunt
2076 715 2255 783 melli
2282 716 2461 782 admi

760 822 817 887 si
865 822 1218 908 pretiosius
1264 844 1636 909 oxyporum
1684 822 1895 889 facere
1943 822 2147 902 uoles,
2199 821 2358 889 haec
2406 844 2464 888 ez

759 928 1240 1015 compositione
1269 927 1578 995 miscebis
1606 942 1673 995 et
1701 929 1792 996 ita
1819 929 1889 994 in
1919 950 2118 995 usum
2145 950 2446 1015 repones;

760 1055 917 1100 curn
949 1034 1115 1100 lasar
1145 1033 1472 1115 habueris,
1505 1057 1630 1122 pro
1660 1035 1901 1122 silphio
1931 1034 2170 1101 melius
2199 1035 2441 1102 adicies

850 1246 1233 1313 Clausulam
1273 1247 1518 1334 peracti
1555 1247 1776 1334 operis
1815 1248 1966 1326 mei,
2008 1245 2202 1313 Publi
2243 1246 2466 1314 Siluine

760 1352 1055 1420 indicem
1097 1353 1382 1433 lecturis,
1428 1353 1485 1420 si
1527 1355 1732 1420 modo
1774 1352 2042 1434 fuerint,
2089 1353 2206 1440 qui
2249 1354 2466 1439 dignen

760 1459 928 1525 nihil
972 1459 1306 1526 dubitasse
1347 1482 1455 1526 me
1495 1482 1705 1547 paene
1746 1458 2002 1527 infinita
2040 1481 2203 1540 esse,
2248 1482 2416 1547 quae
2457 1485 2466 1548 ]

760 1566 1094 1645 materiae,
1126 1588 1363 1631 uerum
1390 1588 1487 1646 ea,
1520 1588 1690 1653 quae
1720 1566 2003 1633 maxime
2032 1566 2432 1634 uidebantur
2460 1592 2466 1632 :

758 1672 1084 1739 tradenda
1121 1672 1472 1739 censuisse.
1514 1695 1639 1741 nec
1675 1686 1899 1739 tamen
1936 1673 2155 1759 ca<pit
2192 1672 2466 1753 homi>n

761 1800 915 1846 rum
948 1801 1173 1845 rerum
1207 1779 1650 1864 prudentiam:
1688 1800 1844 1845 nam
1876 1779 2076 1845 etiam
2109 1779 2468 1866 quicumqu

760 1884 928 1952 lium
959 1884 1447 1971 sapientissimi,
1481 1885 1691 1952 multa
1720 1886 1917 1952 scisse
1950 1885 2281 1965 dicuntur,
2315 1907 2451 1952 non

766 2076 1054 2143 SAhzfyc
1088 2104 1126 2114 -
1163 2094 1230 2142 32
1256 2077 1766 2143 exigeritAhmfry
1799 2105 1838 2115 -
1874 2089 2045 2144 34pr.
2071 2078 2314 2143 SAhryv
2346 2106 2385 2117 -
2420 2096 2468 2144 3:

761 2177 850 2218 tae
877 2167 1063 2219 aridae
1089 2178 1395 2220 sextantem
1421 2184 1521 2220 om.
1550 2168 1656 2220 AR
1688 2194 1727 2205 -
1760 2178 2067 2220 sextantem
2093 2167 2255 2222 Schn.
2284 2180 2466 2221 sestan

762 2255 824 2308 S¹
860 2282 900 2292 -
937 2256 1006 2320 38
1041 2272 1350 2320 oxyporum
1383 2256 1423 2308 S
1455 2256 1784 2321 oxyporium
1806 2255 1977 2322 Ajfyc
1996 2257 2308 2323 oxiporium
2326 2257 2402 2311 lu·
2419 2276 2470 2310 o:

767 2360 836 2408 39
874 2344 1338 2409 compositionem
1364 2345 1404 2398 S
1438 2372 1475 2381 -
1513 2344 1799 2409 Syriacum
1825 2345 1865 2398 S
1889 2363 2020 2397 cum
2044 2346 2149 2398 AR

834 2448 953 2498 epa
985 2452 1008 2487 r
1038 2433 1278 2486 alienum
1298 2434 1362 2487 S’
1383 2434 1622 2486 alienom
1641 2434 1703 2487 S²
1725 2434 1959 2487 alienam
1977 2435 2082 2487 AR
2115 2461 2152 2472 -
2187 2451 2221 2489 2
2244 2434 2469 2487 dicentu

765 2520 1009 2575 hominis
1044 2524 1226 2587 scripsi
1257 2523 1407 2575 canis
1440 2523 1584 2576 SAR
1617 2523 1738 2576 m'de
1770 2523 1888 2576 diss.
1920 2533 2012 2588 pp.
2050 2523 2154 2588 176
2188 2540 2261 2589 sq.
2291 2551 2330 2562 -
2360 2536 2470 2576 nan

763 2611 1009 2664 scississe
1050 2610 1103 2662 A
1134 2637 1174 2647 -
1203 2621 1450 2676 posuer„-
1489 2612 1539 2663 L
1582 2612 1708 2665 luni
1748 2612 2026 2665 Moderati
2066 2611 2404 2665 columellae
2443 2631 2470 2665 r

762 2696 860 2764 {ry
891 2717 992 2753 om.
1030 2701 1125 2765 m)
1157 2701 1379 2765 explicit
1402 2701 1632 2753 feliciter
1652 2701 1773 2765 (om.
1794 2701 1889 2765 m)
1907 2698 2113 2765 smrry
2131 2702 2301 2754 Liber
2322 2702 2447 2754 Iuni
2468 2703 2472 2753 ’.

763 2789 987 2854 explicit
1010 2788 1245 2842 feliciter
1263 2788 1308 2842 h
1327 2790 1509 2844 Amen
1532 2790 1658 2842 Deo
1679 2790 1875 2854 gratias
1897 2790 2023 2843 finis
2044 2790 2130 2842 uel
2146 2791 2259 2843 sim.
2282 2789 2364 2856 ἠς,
