3109 5559
437 113 518 183 26
651 112 729 179 L.
765 111 916 177 Iuni
949 109 1280 177 Moderati
1312 109 1717 175 Columellae

440 304 591 359 ante
641 310 1044 379 perpensum
1092 302 1160 354 et
1207 287 1621 374 exploratum
1670 286 2050 368 habeamus,
2103 310 2187 353 an
2238 288 2596 375 locupletet
2652 305 2930 376 patrem

444 397 728 467 familiae
768 395 1113 463 uinearum
1153 395 1390 461 cultus.
1433 407 1533 460 est
1572 394 1752 461 enim
1789 415 1998 481 paene
2037 395 2256 461 adhuc
2294 417 2800 482 superuacuum
2843 397 2930 463 de

367 534 395 587 ς
444 504 546 573 his
576 503 999 573 conserendis
1029 502 1422 589 praecipere,
1457 501 1642 581 dum,
1675 501 1858 587 quod
1888 500 2072 586 prius
2101 514 2220 580 est,
2252 503 2556 568 nondum
2586 504 2929 570 conceda-

441 626 571 693 tur,
622 632 705 679 an
754 610 1028 677 omnino
1076 609 1210 676 sint
1256 607 1618 687 habendae,
1670 608 1872 693 idque
1919 608 2084 674 adeo
2134 607 2405 694 plurimi
2454 609 2795 690 dubitent,
2849 623 2931 676 ut

443 718 634 787 multi
665 715 992 803 refugiant
1017 730 1084 783 et
1111 714 1543 782 reformident
1569 714 1768 781 talem
1795 713 2194 800 positionem
2221 715 2392 780 ruris
2420 729 2619 801 atque
2648 716 2927 802 optabi·

445 826 674 895 liorem
722 836 1064 913 pratorum
1109 821 1595 910 possessionem
1639 842 2169 908 pascuorumque
2216 821 2324 887 uel
2371 822 2576 888 siluae
2622 824 2926 889 caeduae

445 932 756 1001 iudicent.
849 950 890 997 a
935 950 1088 997 nam
1116 930 1199 995 de
1225 927 1495 995 arbusto
1520 927 1721 994 etiam
1746 927 1916 993 inter
1940 941 2239 993 auctores
2265 949 2402 994 non
2427 928 2662 1014 exigua
2688 950 2928 1016 pugna

337 1070 400 1111 ιο
445 1038 568 1109 fuit
606 1038 939 1107 abnuente
973 1036 1251 1103 Saserna
1284 1056 1495 1120 genus
1531 1034 1601 1100 id
1640 1034 1829 1112 ruriS,
1868 1033 2204 1100 Tremelio
2240 1034 2525 1100 maxime
2561 1035 2921 1121 probante.

443 1146 559 1217 ned
591 1160 654 1217 et
689 1144 858 1213 hanc
888 1141 1281 1211 sententiam
1311 1162 1434 1207 suo
1465 1140 1611 1206 loco
1641 1139 2153 1206 aestimabimus.

537 1252 807 1323 interim
840 1248 1118 1319 studiosi
1151 1245 1631 1334 agricolationis
1662 1247 1789 1312 hoc
1822 1246 2114 1332 primum
2146 1246 2429 1312 docendi
2460 1262 2619 1314 sunt
2650 1248 2920 1315 uberri-

445 1380 632 1433 mum
682 1380 824 1429 esse
875 1355 1162 1424 reditum
1210 1354 1577 1419 uinearum.
1631 1367 1850 1439 atque,
1902 1368 1980 1419 ut
2026 1353 2331 1419 omittam
2380 1368 2678 1421 ueterem
2728 1356 2919 1421 illam

449 1466 824 1539 oblivitatem
853 1484 1185 1539 amorum,
1217 1459 1462 1546 quibus
1489 1473 1556 1525 et
1584 1473 1734 1525 ante
1763 1459 1895 1524 iam
1920 1459 2088 1526 Cato
2117 1461 2390 1525 Marcus
2416 1474 2484 1527 et
2511 1483 2668 1527 mox
2699 1462 2920 1528 Varro

340 1606 396 1651 ῃ
445 1572 802 1645 *Potentius
851 1567 1145 1658 prodidit
1193 1565 1450 1651 singula
1498 1566 1721 1651 iugera
1770 1566 2116 1632 uinearum
2164 1587 2464 1632 sescenas
2513 1589 2717 1634 urnas
2769 1567 2919 1634 uini

447 1678 822 1775 mavimam
871 1712 958 1723 —
1005 1674 1075 1740 id
1124 1673 1303 1739 enim
1352 1671 1636 1738 maxime
1685 1672 2028 1738 adseuerat
2077 1673 2147 1739 in
2195 1673 2413 1760 primo
2463 1672 2634 1740 libro
2684 1697 2918 1741 rerum

446 1784 836 1859 {stativarum
861 1782 1067 1848 Varro
1090 1817 1178 1827 —
1200 1799 1323 1845 nec
1347 1800 1479 1845 una
1504 1779 1768 1864 regione
1793 1780 2143 1864 prouenire
2168 1780 2458 1860 solitum,
2485 1802 2727 1847 uerum
2751 1796 2822 1847 et
2846 1780 2919 1846 in

446 1890 807 1967 Fauentino
837 1909 992 1974 agro
1023 1901 1089 1953 et
1118 1886 1187 1952 in
1220 1884 1497 1965 Gallico,
1533 1885 1649 1972 qui
1680 1908 1860 1952 nunc
1883 1885 2124 1954 Piceno
2154 1886 2617 1967 contribuitur,
2701 1908 2755 1970 3
2802 1887 2908 1953 his

443 2010 617 2071 wrm
647 1993 1057 2083 temporibus
1084 1993 1504 2057 Nomentana
1533 1991 1711 2078 regio
1739 1991 2162 2058 celeberrima
2188 1992 2364 2058 fama
2390 2006 2490 2059 est
2516 1992 2820 2060 inlustris
2848 2007 2916 2059 et

333 2138 400 2181 ω
447 2102 794 2199 manime
855 2122 1056 2187 quam
1116 2098 1410 2185 possidet
1466 2098 1735 2178 Seneca,
1797 2099 1902 2164 uir
1960 2099 2337 2166 excellentis
2395 2099 2643 2185 ingenii
2704 2114 2911 2186 atque

443 2209 798 2286 doctrinae,
830 2206 1018 2273 cuius
1045 2206 1114 2272 in
1142 2204 1425 2291 praediis
1451 2205 1797 2272 uinearum
1824 2206 2047 2292 iugera
2073 2206 2330 2292 singula
2354 2205 2602 2272 culleos
2629 2220 2912 2274 octonos

449 2315 809 2389 reddidisse
841 2313 1233 2399 plerumque
1262 2325 1655 2397 conpertum
1684 2326 1803 2378 est.

533 2423 706 2491 Nam
736 2420 845 2485 illa
873 2419 1186 2485 uidentur
1213 2417 1660 2504 prodigialiter
1687 2419 1757 2485 in
1787 2419 2028 2486 nostris
2054 2418 2431 2485 Caeretanis
2459 2418 2801 2499 accidisse,
2834 2431 2911 2484 ut

445 2530 662 2617 aliqua
686 2526 840 2593 uitis
865 2525 1043 2611 apud
1067 2538 1133 2590 te
1156 2524 1498 2590 excederet
1520 2547 1805 2591 uuarum
1829 2548 2183 2592 numerum
2207 2526 2495 2591 duorum
2519 2525 2805 2605 milium,
2833 2538 2910 2590 ut

331 2668 392 2713 n
442 2633 619 2724 apud
653 2655 760 2699 me
793 2631 1175 2717 octingenae
1207 2630 1444 2716 stirpes
1475 2630 1707 2697 insitae
1738 2632 1908 2698 intra
1940 2631 2284 2698 biennium
2316 2645 2624 2717 septenos
2654 2632 2906 2698 culleos

444 2752 935 2833 peraequarent‚
970 2751 1044 2804 ut
1076 2737 1325 2823 primae
1356 2737 1587 2804 uineae
1618 2752 1925 2804 centenas
1955 2738 2306 2825 amphoras
2335 2738 2682 2823 iugeratim
2713 2758 2904 2824 prae-

443 2848 692 2925 berent,
729 2866 883 2911 cum
915 2858 1099 2929 prata
1130 2857 1196 2909 et
1225 2865 1468 2930 pascua
1498 2858 1566 2910 et
1596 2844 1818 2924 siluae,
1853 2844 1909 2910 si
1941 2858 2253 2910 centenos
2283 2844 2615 2911 sestertios
2646 2841 2907 2931 singula

445 2954 666 3037 iugera
735 2948 1043 3029 efficiant,
1117 2950 1367 3036 optime
1438 2951 1711 3017 domino
1782 2950 2122 3017 consulere
2193 2951 2564 3017 uideantur.
2656 2970 2698 3032 4
2743 2970 2903 3017 nam

445 3060 774 3127 frumenta
830 3056 1146 3122 maiorem
1203 3057 1475 3143 quidem
1531 3071 1787 3143 partem
1845 3057 2069 3123 Italiae
2126 3058 2394 3143 quando
2450 3078 2606 3123 cum
2662 3068 2901 3143 quarto

331 3198 398 3247 ,10
442 3164 921 3251 responderint,
956 3162 1069 3229 uix
1099 3163 1475 3230 meminisse
1508 3164 1858 3250 possimus.

527 3271 668 3337 Cur
708 3291 862 3355 ergo
905 3291 1006 3336 res
1046 3269 1311 3336 infamis
1350 3270 1489 3336 est?
1532 3271 1710 3336 Non
1751 3270 2070 3357 quidem
2111 3291 2270 3350 suo,
2314 3270 2450 3336 sed
2490 3270 2900 3336 hominum

516 3498 569 3550 ³²
625 3498 795 3536 12-22
831 3481 972 3534 Ptin.
1012 3492 1122 3534 nat.
1164 3493 1427 3545 14,51-52
1463 3509 1503 3518 -
1542 3496 1711 3547 14-17
1758 3483 1927 3535 Varro
1964 3492 2091 3534 rust.
2132 3495 2274 3545 1,2,7
2311 3509 2349 3518 -
2383 3497 2559 3546 90-92
2595 3481 2737 3534 Ptin.
2782 3489 2890 3533 nat.

446 3584 640 3636 17,r72

514 3764 567 3816 32
605 3746 1191 3813 4estSAhetj20-
1227 3748 1791 3801 6anSAannonR
1823 3775 1863 3785 -
1897 3749 2417 3812 7optauilioremA
2450 3774 2487 3784 -
2522 3744 2896 3800 8cadueSA²

445 3865 482 3876 -
523 3854 587 3890 ιο
608 3836 910 3889 Tremellio
931 3837 984 3888 R
1017 3863 1055 3873 -
1096 3853 1152 3889 11
1181 3837 1283 3889 hac
1303 3836 1343 3889 S
1376 3864 1415 3874 -
1448 3837 1683 3891 sentiam
1702 3838 1794 3890 SA
1825 3864 1865 3873 —
1899 3837 2307 3890 aestimabimus
2327 3836 2497 3902 Abyc
2518 3836 2893 3890 estimauimus

443 3927 483 3980 S
512 3926 898 3979 extimabimus
927 3924 1168 3990 hjmffio
1197 3926 1631 3979 existimabimus
1659 3942 1692 3978 r
1725 3954 1764 3964 -
1803 3944 1867 3991 14
1897 3927 2154 3979 arborum
2183 3926 2296 3979 ΒΑ*
2331 3952 2371 3962 -
2404 3943 2558 3978 ·rum
2586 3925 2793 3991 quibus

443 4016 618 4069 Varro
637 4015 712 4067 bis
732 4015 824 4067 SA
856 4041 895 4051 -
937 4030 995 4079 15
1018 4031 1273 4067 sexcenas
1290 4015 1394 4067 AR
1428 4043 1466 4052 -
1507 4029 1570 4080 17
1591 4016 1881 4079 prouenire
1898 4016 2002 4068 AR
2019 4017 2255 4080 probent
2275 4033 2332 4067 re
2351 4014 2391 4067 S
2425 4042 2463 4051 -
2504 4014 2567 4066 18
2589 4014 2893 4068 Fauentino

442 4104 571 4158 Am
602 4103 920 4157 Florentino
948 4103 1061 4156 ΒΑι
1091 4103 1171 4168 cfr
1206 4105 1375 4157 Varro
1404 4115 1531 4157 rust.
1565 4117 1707 4168 1,2,7
1743 4131 1781 4141 -
1823 4121 1886 4168 19
1915 4105 2202 4157 leber-rima
2232 4104 2295 4156 8ι
2324 4104 2601 4156 liberrima
2628 4103 2704 4155 Αι
2740 4131 2779 4141 -
2813 4110 2891 4154 est

444 4211 542 4247 om.
570 4192 816 4258 hjnyco
849 4219 888 4229 -
923 4209 992 4245 20
1019 4192 1225 4245 Seneca
1248 4193 1336 4246 uir
1359 4210 1452 4245 ex·
1476 4192 1643 4246 SA‘R
1665 4193 1784 4246 sine
1806 4193 1929 4245 caui
1954 4211 2048 4245 rex
2070 4193 2144 4245 Αι
2179 4220 2217 4229 -
2253 4209 2319 4257 23
2347 4192 2681 4245 Celeretanis
2706 4192 2823 4246 SA²
2855 4215 2892 4226 -

446 4300 516 4347 24
537 4294 672 4346 aput
693 4281 757 4334 8ι
791 4308 830 4318 -
864 4282 1099 4334 ubarum
1120 4281 1258 4334 S¹A¹
1292 4309 1330 4318 -
1366 4299 1430 4347 25
1457 4299 1547 4335 me
1569 4282 1887 4347 octingenae
1909 4282 2075 4335 SA'R
2095 4299 2221 4334 meo
2241 4300 2372 4334 cum
2393 4299 2531 4346 gene
2551 4281 2627 4335 Αι
2662 4309 2700 4318 -
2735 4283 2889 4335 uien-

445 4373 603 4425 nium
630 4371 669 4423 S
703 4397 742 4407 -
776 4384 844 4435 27
871 4383 1150 4423 sextemos
1177 4371 1250 4423 Αι
1277 4383 1529 4424 sexterno
1554 4371 1631 4424 A·
1665 4398 1702 4408 -
1737 4372 1950 4436 singula
1975 4370 2068 4436 A’j
2097 4371 2282 4435 ingula
2306 4370 2419 4424 ΒΑ*
2448 4371 2506 4423 in
2531 4371 2746 4436 singula
2772 4368 2894 4424 1¹2⁶

444 4488 482 4498 -
510 4460 578 4515 28
607 4471 834 4525 optume
861 4458 1134 4526 A'hjmso
1168 4487 1205 4497 -
1241 4477 1309 4524 29
1338 4462 1542 4513 maiore
1563 4458 1780 4526 jath-²0
1814 4488 1852 4497 -
1886 4472 2039 4526 parte
2060 4459 2169 4526 ,ἰλο
2203 4487 2241 4496 -
2277 4477 2346 4525 30
2373 4477 2670 4525 possumus
2694 4459 2824 4513 A‘R
2854 4481 2890 4493 -
