3109 5559
582 299 683 346 xn
1518 299 1892 346 PRAEFATIO

658 462 928 524 eluditur
965 463 1210 539 8,11,3;
1250 461 1556 523 eluderent
1595 462 1823 535 8,16,1
1871 461 2136 543 (eludent
2174 462 2296 533 SA:
2336 462 2684 524 clauderent
2727 462 2844 542 R);

575 569 863 631 eludendi
887 570 946 641 8,
960 584 1019 646 5,
1036 587 1133 649 17;
1158 568 1327 630 eluso
1361 568 1615 648 (subst.)
1644 570 1703 641 8,
1718 569 1849 649 8,9;
1874 569 1988 632 sed
2012 570 2252 631 formas
2275 588 2316 631 a
2336 568 2506 629 clau-
2528 568 2846 648 incipien-

578 681 679 737 tes
714 676 868 737 alibi
905 675 1127 737 multis
1161 675 1317 737 locis
1351 676 1717 737 inuenimus
1756 675 1875 755 (cir
1909 676 2095 737 Thes.
2134 692 2198 752 3,
2241 692 2418 752 1300,
2459 675 2682 756 29-76,
2721 675 2843 737 ubi

577 782 660 844 de
686 782 1039 844 Columella
1064 782 1226 844 falso
1253 781 1603 861 docemur).

658 888 936 950 condicio
981 889 1206 965 8,11,3
1256 888 1371 967 (sic
1414 888 1658 968 ubique
1700 888 1767 949 in
1812 888 1893 968 A)
1942 888 2057 950 sed
2099 887 2367 950 conditio
2412 888 2634 949 multis
2678 888 2844 950 locis

581 995 777 1074 (8,13,
790 1012 850 1072 3:
880 1009 1049 1073 15,2;
1079 1011 1290 1074 17,13;
1316 1012 1376 1075 9,
1394 1013 1448 1068 1,
1462 1011 1522 1071 3;
1547 995 1681 1067 6,1;
1707 995 1841 1066 6,2;
1867 994 2027 1074 8,6);
2053 995 2135 1057 de
2166 994 2628 1074 orthographia
2643 995 2843 1056 huius

580 1101 762 1163 uerbi
806 1101 884 1162 A.
932 1103 1186 1163 Ernout
1232 1102 1482 1182 (Revue
1524 1101 1607 1163 de
1649 1101 1991 1181 philologie
2033 1115 2133 1181 75,
2183 1118 2362 1181 1949,
2407 1120 2471 1180 p.
2522 1101 2834 1181 107-119)

577 1208 825 1288 optime
875 1208 1193 1270 disseruit.

661 1315 750 1376 Vt
769 1314 857 1376 ad
886 1333 1103 1376 mera
1130 1313 1785 1393 orthographica
1808 1320 2232 1385 transeamuS,
2258 1313 2839 1375 inuerbisGraecis

582 1427 808 1482 tenues
862 1426 930 1482 et
985 1420 1302 1501 aspiratas
1357 1421 1716 1501 promiscue
1769 1421 1907 1482 sine
1959 1421 2206 1500 legibus
2259 1420 2510 1482 codices
2562 1419 2836 1491 habent:

577 1527 778 1589 etiam
803 1527 927 1589 hac
952 1527 1019 1588 in
1045 1546 1114 1589 re
1139 1527 1390 1607 optima
1414 1528 1584 1589 ratio
1609 1527 1766 1589 mihi
1794 1527 2055 1589 uidetur
2071 1527 2169 1588 ita
2185 1533 2264 1588 ut
2281 1527 2577 1588 librarius
2595 1526 2840 1588 codicis

577 1633 809 1713 optimi
851 1633 894 1695 S
941 1634 1232 1705 scribere,
1277 1652 1435 1714 egr.
1480 1634 1712 1712 cytisus
1753 1650 1958 1713 9,4,2;
2000 1633 2183 1712 cytisi
2224 1634 2406 1711 8,4,2
2444 1632 2620 1713 (cytis
2652 1632 2835 1711 SA¹);

576 1755 710 1817 5,2;
762 1740 966 1820 9,5,6;
1016 1740 1131 1802 sed
1174 1740 1398 1818 cythisi
1445 1741 1628 1816 8,5‚2
1675 1775 1760 1785 —
1803 1740 2149 1801 ornithonis
2196 1739 2400 1817 8‚4,6;
2450 1739 2838 1801 ornithonem

576 1847 781 1924 8,4,5;
807 1847 1125 1908 ornithone
1148 1847 1330 1923 8,8,3
1356 1852 1423 1908 et
1445 1864 1508 1927 9,
1528 1864 1583 1918 1;
1609 1846 1723 1909 sed
1745 1846 2050 1907 ornitonis
2072 1846 2204 1923 8,3,
2221 1863 2253 1907 1
2278 1851 2347 1907 et
2373 1862 2542 1922 10,3.

660 1953 907 2015 Eadem
931 1953 1182 2015 ratione
1202 1959 1354 2015 utor
1371 1953 1439 2013 in
1462 1952 1677 2015 uerbis
1699 1972 1865 2033 quae
1887 1972 2036 2015 cum
2057 1951 2640 2033 praepositionibus
2661 1971 2840 2015 com-

576 2065 909 2139 ponuntur
961 2059 1329 2121 scribendis,
1389 2059 1611 2121 Scribo
1665 2059 1862 2139 igitur
1916 2059 2275 2139 appositum
2329 2059 2388 2131 8,
2405 2058 2501 2130 16,
2514 2075 2553 2135 3
2615 2058 2830 2138 (codd.

576 2165 823 2244 omnes)
861 2165 975 2228 sed
1009 2165 1359 2245 adpositam
1393 2166 1579 2243 8,8‚4
1618 2165 1732 2246 (sic
1767 2164 1917 2244 SA),
1955 2166 2356 2246 adponuntur
2388 2166 2611 2241 8,10,5
2654 2163 2833 2244 (SA),

575 2272 896 2352 adponant
927 2273 1194 2350 8,14,1ο
1229 2272 1401 2352 (SA);
1435 2272 1767 2333 immaturo
1797 2289 2066 2352 9,13,1o
2100 2272 2221 2353 (in-
2251 2270 2332 2350 A)
2368 2271 2483 2333 sed
2512 2271 2834 2332 inmatura

574 2379 798 2455 8,5,23
825 2378 924 2440 bis
954 2377 1101 2457 (SA)
1133 2384 1198 2440 et
1225 2379 1397 2451 8,11,
1410 2393 1446 2455 5
1480 2377 1659 2458 (SA),
1688 2379 2034 2439 inmaturos
2060 2378 2328 2451 8‚11,16
2357 2377 2530 2459 (SA).
2560 2377 2722 2439 Cum
2752 2412 2837 2422 —

574 2491 653 2546 ut
678 2485 809 2546 iam
836 2504 915 2546 ex
941 2486 1042 2547 his
1065 2485 1373 2565 exemplis
1399 2491 1670 2565 apparet
1693 2520 1776 2529 —
1799 2484 2049 2546 codices
2072 2491 2322 2547 ueteres
2345 2485 2414 2545 in
2438 2483 2656 2545 uerbis
2680 2503 2835 2546 cum

577 2592 1156 2673 praepositionibus
1179 2592 1552 2671 compositis
1575 2591 1830 2670 saepius
1853 2592 2130 2653 formam
2154 2589 2644 2671 praepositionis
2667 2590 2836 2652 inte-

573 2717 756 2779 gram
786 2698 1158 2777 praebeant,
1190 2698 1439 2760 codices
1466 2698 1849 2760 recentiores
1878 2698 2318 2769 assimilatam,
2350 2697 2563 2777 pluroe
2591 2697 2837 2758 formas

576 2823 706 2866 non
726 2804 1111 2866 assimilatas
1128 2805 1195 2865 in
1214 2811 1403 2866 textu
1424 2823 1570 2867 meo
1587 2804 1877 2884 reperies.
1900 2804 2204 2866 Conferas
2222 2804 2422 2865 uelim
2441 2822 2609 2883 quae
2628 2821 2840 2883 nuper

576 2910 653 2973 Ο.
689 2910 877 2971 Prinz
912 2911 1174 2992 (ALMA
1205 2928 1304 2983 21,
1342 2924 1643 2991 1949-50,
1678 2930 1741 2991 p.
1777 2912 2018 2990 87-115
2050 2917 2119 2972 et
2151 2927 2250 2987 23,
2286 2923 2468 2990 1953,
2502 2929 2565 2990 p.
2599 2909 2830 2990 35-60)

574 3017 894 3090 disseruit,
925 3017 1037 3096 qui
1065 3017 1468 3079 demonstrat
1494 3017 1735 3079 formas
1761 3017 2148 3079 assimilatas
2174 3017 2443 3078 rariores
2469 3035 2605 3079 esse
2631 3035 2835 3095 quam

573 3143 656 3185 ex
692 3124 1082 3186 editionibus
1117 3143 1426 3204 apparere
1460 3124 1812 3187 uideatur.¹
1849 3123 1983 3185 Vsu
2019 3123 2499 3188 assimilationis
2533 3142 2729 3202 quem
2765 3122 2838 3184 in

575 3230 903 3292 codicibus
949 3230 991 3291 S
1037 3235 1104 3291 et
1149 3230 1206 3290 A
1251 3230 1616 3292 inuenimus
1660 3229 1857 3292 etiam
1904 3230 2033 3291 alio
2077 3230 2272 3292 modo
2318 3248 2485 3310 quae
2529 3229 2833 3291 disseruit

577 3338 766 3398 Prinz
786 3336 1270 3398 confirmantur.
1298 3336 1799 3416 Praepositionis
1819 3337 1991 3398 errim
2011 3336 2124 3398 sub
2144 3342 2298 3398 ante
2316 3342 2361 3417 p
2383 3342 2451 3397 et
2470 3355 2534 3396 m
2555 3336 2836 3397 formam

573 3443 892 3523 integram
916 3462 1061 3505 raro
1087 3443 1326 3504 seruari
1353 3442 1541 3504 Prinz
1567 3442 1754 3505 docet
1761 3462 1775 3515 ;
1802 3443 1869 3504 in
1893 3442 2072 3504 libris
2096 3461 2277 3506 meae
2301 3441 2601 3504 editionis
2625 3441 2836 3504 codex

575 3550 618 3612 S
666 3550 940 3611 formam
986 3569 1116 3611 non
1161 3549 1582 3611 assimilatam
1629 3548 2118 3629 praepositionis
2164 3568 2312 3611 cum
2358 3548 2557 3610 uerbo
2601 3553 2830 3628 ponere

573 3655 971 3736 compositae
1025 3656 1124 3717 bis
1179 3656 1444 3735 praebet
1505 3655 1586 3735 (8,
1601 3670 1713 3734 5,4
1766 3655 2053 3736 subponi;
2112 3656 2333 3733 8,5,11
2391 3654 2830 3735 subponendt),

579 3856 713 3906 alibi
736 3870 850 3905 non
874 3855 1077 3912 inueni.
1103 3856 1200 3905 sed
1224 3855 1477 3905 conferas
1498 3869 1709 3920 quaeso
1733 3855 1900 3905 Phoc.
1927 3868 2160 3919 gramm.
2185 3855 2236 3903 V
2258 3869 2313 3920 p.
2340 3856 2537 3918 426.19
2557 3853 2622 3903 in
2644 3852 2834 3917 singu-

574 3944 680 3994 lari
704 3960 926 3994 numero
948 3944 1153 4008 generis
1176 3943 1450 4006 feminini,
1476 3943 1539 3993 in
1563 3944 1767 4008 plurali
1792 3944 1985 4001 neutri,
2018 3982 2029 3994 .
2045 3982 2056 3993 .
2073 3982 2084 3994 .
2112 3944 2237 3993 haec
2260 3943 2465 3993 intibus
2489 3943 2615 3992 haec
2637 3941 2832 3993 intiba.

658 4034 679 4066 ²
718 4033 845 4083 »Die
876 4033 1415 4082 Nichtassimilation
1443 4033 1519 4082 ist
1547 4033 1625 4081 im
1652 4047 1864 4096 ganzen
1894 4034 2176 4082 Altertum
2204 4033 2290 4083 bis
2317 4033 2403 4082 ins
2431 4032 2593 4082 frfihe
2621 4031 2834 4081 Mittel-

576 4122 720 4171 alter
752 4122 942 4172 hinein
976 4122 1340 4172 verbreiteter
1372 4135 1622 4186 gewesen
1655 4122 1737 4171 als
1770 4137 1830 4171 es
1862 4122 1972 4171 den
2005 4121 2383 4185 landlauiigen
2416 4120 2682 4185 heutigen
2716 4121 2833 4169 An-

576 4212 936 4277 schauungen
966 4211 1322 4275 entspricht.»
1357 4210 1483 4275 (Op.
1516 4210 1667 4260 laud.
1700 4224 1756 4275 p.
1795 4210 1935 4275 107.)

391 4963 3105 5445 -Ὶ-ῗ-
