3109 5559
606 310 731 356 VIII
1546 308 1920 354 PRAEFATIO

603 471 885 536 editione
935 471 1221 551 principe
1254 471 1650 551 descriptum
1685 489 1821 533 esse
1859 470 1945 551 (u.
1982 470 2182 533 etiam
2215 470 2288 531 T.
2325 470 2408 532 de
2442 470 2726 542 MariniS,
2766 470 2868 532 La

603 578 951 641 biblioteca
1012 578 1404 658 napoletana
1467 577 1572 639 dei
1621 596 1690 639 re
1739 577 2128 657 d'Aragona,
2180 577 2307 639 uol.
2363 576 2453 649 11,
2508 576 2859 641 Mediolani

607 701 788 767 1947»
826 704 888 765 p·
930 684 1094 764 148)-

684 791 1131 871 Napolitanus,
1173 790 1338 852 Bibl.
1379 791 1533 852 Nat.
1585 790 1791 852 V.A.6
1831 790 1918 852 ad
1958 795 2214 852 textum
2255 789 2399 851 libri
2438 789 2604 851 VIII
2646 797 2716 852 et
2757 790 2863 852 IX

604 898 766 959 nihil
790 898 986 960 ualet.
1019 897 1096 958 In
1122 916 1343 959 eorum
1371 896 1666 959 codicum
1693 916 1959 958 numero
1985 916 2147 977 quos
2174 915 2323 958 curn
2348 896 2531 976 signo
2558 919 2603 960 σ
2628 897 2861 959 notaui

604 1005 1009 1084 reponendus
1037 1010 1154 1066 est.

685 1110 1134 1191 NapolitanuS,
1169 1110 1333 1172 Bibl.
1368 1110 1520 1172 Nat.
1565 1109 1789 1189 V.A.7.
1826 1110 1926 1172 De
1958 1128 2036 1172 eo
2067 1109 2285 1172 codice
2317 1109 2543 1172 eadem
2577 1128 2746 1189 quae
2780 1109 2863 1171 de

604 1217 823 1279 codice
854 1216 1142 1279 Parisino
1172 1217 1316 1279 Lat.
1348 1216 1513 1293 6830
1542 1216 1599 1277 B
1631 1216 1756 1278 dici
1785 1222 2076 1296 possunt.

688 1323 1150 1385 Laurentianus
1184 1324 1339 1403 plut.
1375 1338 1566 1402 53,19
1601 1342 1682 1385 ex
1716 1323 1998 1385 editione
2031 1322 2431 1384 Bruschiana
2468 1322 2664 1403 (anno
2703 1322 2861 1400 1482

604 1429 923 1509 confecta)
984 1430 1341 1510 descriptus
1394 1437 1514 1502 est,
1572 1437 1648 1491 ut
1701 1428 1833 1491 iarn
1888 1448 1924 1491 e
1977 1429 2446 1508 subscriptione
2499 1429 2710 1491 elucet
2770 1429 2857 1509 (u.

607 1537 940 1598 Haussner
971 1556 1074 1616 op.
1109 1536 1282 1598 laud.
1320 1555 1382 1616 p.
1421 1535 1545 1615 21).

688 1643 788 1705 De
848 1643 1286 1705 affinitatibus
1348 1648 1706 1705 ceterorum
1767 1642 2061 1704 codicum
2121 1661 2393 1722 magnae
2456 1641 2736 1704 familiae
2800 1642 2862 1702 R

605 1749 828 1812 uideas
855 1768 1093 1829 quaeso
1118 1749 1393 1811 indicem
1419 1749 1744 1829 siglorum;
1772 1768 1809 1811 e
1833 1748 2007 1829 siglis
2033 1768 2200 1829 quae
2227 1749 2319 1810 ibi
2345 1748 2577 1811 litteris
2603 1748 2864 1810 Graecis

606 1855 849 1937 scripta
884 1862 1039 1918 sunt
1079 1855 1403 1935 quomodo
1442 1854 1693 1917 codices
1731 1855 1903 1917 inter
1932 1874 2000 1917 se
2030 1856 2415 1918 cohaereant
2445 1855 2860 1935 intellegitur.

609 1962 734 2024 Hic
759 1962 959 2024 etiam
986 1962 1220 2024 addere
1245 1962 1462 2035 uelim,
1490 1962 1741 2024 codices
1766 1961 1982 2024 classis
2005 1984 2051 2044 φ
2077 1968 2144 2024 et
2167 1959 2213 2044 ψ
2239 1962 2607 2042 saepissime
2632 1961 2863 2023 eadem

607 2069 846 2130 menda
889 2068 1144 2142 habere,
1192 2068 1359 2131 sicut
1404 2069 1605 2131 etiam
1651 2068 1901 2130 codices
1946 2068 2165 2130 classis
2205 2091 2249 2131 κ
2294 2074 2360 2130 et
2402 2090 2465 2150 γ.
2516 2068 2683 2129 Fieri
2730 2087 2864 2129 non

607 2181 824 2255 potest
846 2181 922 2238 ut
943 2181 1289 2237 stemmate
1311 2176 1595 2255 quodam
1618 2174 2054 2255 exprimamus
2076 2175 2401 2255 quomodo
2424 2174 2684 2254 cognati
2705 2174 2866 2246 sint,

607 2300 779 2354 curn,
813 2288 892 2343 ut
924 2281 1173 2344 codicae
1206 2281 1395 2343 huius
1429 2282 1684 2354 aetatiS,
1719 2282 1911 2343 ualde
1942 2281 2075 2343 sint
2106 2282 2277 2343 inter
2307 2300 2377 2343 se
2409 2280 2862 2343 contaminati.

609 2387 889 2449 Multum
916 2394 1134 2450 autem
1158 2389 1426 2450 interest
1451 2389 1536 2451 ad
1561 2388 1840 2469 pretium
1864 2388 2158 2450 codicum
2181 2387 2658 2450 aestimandum
2685 2388 2866 2468 quod

608 2513 741 2556 non
804 2495 1032 2568 solum,
1076 2500 1153 2556 ut
1195 2501 1392 2557 antea
1430 2495 1673 2575 scripsi,
1718 2495 1862 2556 fons
1904 2494 2262 2556 communis
2303 2493 2599 2556 codicum
2645 2494 2707 2554 R
2749 2494 2868 2556 sed

604 2600 803 2662 etiam
842 2601 1073 2662 classes
1112 2601 1405 2680 singulae
1443 2600 1638 2663 huius
1676 2601 1964 2663 familiae
2002 2601 2207 2681 magis
2244 2600 2540 2662 minusue
2577 2619 2614 2661 e
2645 2599 2868 2662 codice

608 2707 666 2767 A
695 2707 835 2787 (aut
861 2727 942 2769 ex
966 2707 1092 2769 alio
1116 2707 1334 2769 codice
1358 2727 1507 2769 cum
1532 2708 1590 2768 A
1616 2707 1906 2787 proxime
1929 2706 2227 2787 cognato)
2256 2707 2607 2787 scripturas
2631 2706 2865 2769 hause-

606 2820 780 2886 runt,
819 2814 1131 2894 imprimis
1168 2815 1417 2876 codices
1454 2814 1671 2876 classis
1710 2836 1754 2876 α
1790 2821 1857 2875 et
1892 2836 1938 2896 φ
1976 2821 2043 2876 et
2071 2811 2141 2896 ψ.
2185 2814 2503 2894 Exempla
2533 2813 2744 2875 multa
2774 2820 2863 2885 et,

608 2920 784 3000 quod
820 2920 1208 3000 intellegam,
1249 2926 1427 2982 certa
1463 2921 1531 2981 in
1570 2920 1734 2982 libro
1773 2939 1916 2982 meo
1956 2920 2067 3001 qui
2105 2920 2229 2981 Die
2268 2920 2319 2981 C
2321 2919 2708 2981 clamella-H
2708 2920 2868 2980 and·

606 3025 897 3103 schrilten
941 3027 1312 3088 inscribitur
1355 3027 1628 3088 inueniri
1674 3032 1964 3107 possunt.
2015 3026 2277 3088 Codices
2323 3045 2595 3106 magnae
2642 3026 2867 3087 classis

601 3154 647 3214 γ
679 3139 935 3195 textum
969 3152 1365 3214 quamquam
1398 3152 1589 3213 saepe
1621 3134 1815 3195 ualde
1845 3133 2308 3213 interpolatum
2340 3139 2408 3195 et
2441 3133 2864 3195 emendatum

606 3246 828 3301 tamen
849 3259 890 3301 a
906 3240 1288 3301 lectionibus
1308 3240 1545 3302 codicis
1564 3240 1622 3300 A
1642 3259 1772 3301 non
1793 3239 2180 3320 pendentem
2208 3239 2540 3319 praebent,
2561 3238 2868 3319 idemque

607 3346 982 3425 praesertim
1018 3346 1098 3407 de
1131 3346 1348 3408 codice
1382 3353 1413 3408 t
1446 3346 1575 3408 dici
1610 3352 1845 3426 potest:
1881 3345 1978 3408 ita
2010 3346 2258 3426 aliquot
2291 3345 2446 3407 locis
2478 3345 2565 3406 ad
2599 3351 2861 3407 textum

607 3453 1133 3515 constituendum
1162 3472 1276 3532 per
1303 3472 1411 3514 eos
1437 3453 1608 3514 solos
1636 3453 2039 3515 adiuuamur.

690 3558 790 3621 De
836 3559 1085 3621 ratione
1131 3559 1425 3621 codicum
1472 3560 1785 3621 disserens
1832 3559 2041 3621 facere
2087 3578 2218 3620 non
2264 3577 2526 3638 possum
2573 3558 2731 3638 quin
2781 3557 2866 3619 de

609 3665 1139 3727 adnotationibus
1183 3666 1409 3745 Angeli
1456 3665 1759 3727 Politiani
1804 3685 2012 3745 pauca
2055 3665 2287 3727 dicam.
2337 3664 2714 3735 PolitianuS,
2761 3663 2868 3725 uir

609 3771 1015 3833 doctissimus
1047 3778 1113 3834 et
1145 3772 1439 3834 codicum
1471 3778 1765 3834 ueterum
1798 3772 2238 3852 peritissirnuS,
2272 3772 2340 3832 in
2373 3770 2654 3834 editione
2686 3770 2868 3850 prin—

607 3878 766 3958 cipe,
799 3897 965 3957 quae
993 3898 1166 3941 nunc
1195 3878 1452 3941 Parisiis
1480 3879 1546 3939 in
1579 3878 1970 3941 bibliotheca
1997 3878 2307 3940 nationali
2339 3883 2636 3940 seruatur
2668 3876 2863 3956 (Bibl.

609 3985 668 4045 N
673 3990 785 4057 at.,
819 3984 1097 4047 Reserve
1128 3985 1170 4046 S
1221 3984 1390 4065 439),
1422 3986 1796 4047 collationes
1824 3985 2098 4047 duorum
2128 3985 2422 4046 codicum
2454 3989 2570 4045 aut
2599 3984 2666 4044 in
2695 4002 2868 4045 mar-

616 4091 762 4171 gine
795 4096 912 4153 aut
945 4092 1113 4153 inter
1145 4092 1345 4153 lineas
1378 4091 1694 4172 ascripsit.
1734 4092 1895 4154 Cum
1927 4111 2095 4154 unus
2119 4091 2414 4154 codicum
2437 4091 2762 4161 Politiani,
2788 4097 2868 4152 ut

616 4198 770 4259 alibi
799 4198 943 4277 (Die
968 4199 1018 4260 C
1021 4198 1404 4259 dumella-H
1404 4198 1820 4275 andschriften
1845 4218 1907 4279 p.
1940 4199 2057 4262 160
2073 4198 2241 4278 sqq.)
2264 4217 2538 4278 expono,
2559 4197 2732 4260 idem
2751 4197 2868 4277 qui
