3109 5559
1651 355 1954 404 -χ-

696 560 905 606 nostro
937 546 1130 607 deerit
1160 545 1498 616 adnotati0‚
1532 546 1901 604 concludere
1933 543 2160 615 licebit,
2194 564 2300 604 eos
2330 564 2469 603 cum
2502 557 2667 604 textu
2707 557 2976 605 nostro

694 648 1040 708 concinere.
1130 648 1381 707 Ceteros
1446 647 1610 705 haud
1677 645 1758 704 ita
1824 665 2007 722 saepe
2070 644 2340 715 adhibui,
2402 643 2643 722 saepius
2717 657 2974 706 tamen

695 750 941 809 codices
987 765 1049 809 m
1097 760 1156 808 et
1199 765 1263 823 q,
1292 747 1585 825 deinceps
1623 744 1933 821 kpsou,
1974 745 2465 822 exquisitioribus
2503 757 2755 806 tantum
2789 748 2978 807 locis

697 851 885 912 libros
928 850 1149 927 gltv,
1194 848 1495 910 rarissime
1542 860 1744 908 autem
1788 863 1992 923 rwy.

897 951 1345 1013 Adnotationes
1418 950 1720 1020 Politiani,
1788 952 1864 1010 de
1931 949 2149 1026 quibus
2194 962 2254 1009 et
2301 953 2770 1010 HAEUSSNERUS
2827 953 2980 1030 egit

698 1057 782 1129 (p.
840 1077 906 1114 12
957 1051 1121 1129 sqq.)
1168 1065 1226 1113 et
1271 1052 1401 1129 ipse
1447 1051 1506 1110 in
1554 1050 2071 1111 commentatione
2101 1071 2258 1121 mea,
2285 1071 2442 1127 quae
2472 1053 2976 1127 »Quaestiones

698 1155 1106 1234 Papinianae»
1163 1152 1482 1231 (Upsaliae
1536 1151 1721 1229 1893)
1767 1151 2128 1222 inscribitur,
2175 1152 2426 1212 disserui
2473 1153 2557 1230 (p.
2612 1172 2680 1230 17
2747 1155 2975 1232 sqq.)‚

698 1259 978 1317 consulto
1035 1276 1159 1315 non
1204 1253 1474 1314 adhibui.
1565 1255 1721 1313 Nam
1769 1272 2142 1329 quamquam
2194 1253 2582 1331 »antiquum»
2634 1256 2974 1317 Politiani

699 1359 980 1418 codicem
1026 1358 1289 1416 eundem
1320 1366 1502 1433 atque
1534 1354 2012 1415 Ambrosianum
2053 1355 2232 1416 fuisse
2257 1376 2380 1415 non
2407 1355 2659 1416 omnino
2687 1371 2974 1419 certum

700 1460 956 1528 uidetur,
1005 1470 1208 1517 tamen
1255 1456 1641 1516 manifestum
1674 1468 1782 1527 est,
1816 1456 2093 1516 codicem
2127 1457 2296 1515 illum
2320 1457 2460 1516 huic
2492 1457 2669 1518 fuisse
2699 1459 2971 1520 similli—

699 1582 893 1633 rnum3
962 1560 1219 1630 accedit,
1284 1561 1451 1636 quod
1515 1558 1945 1619 adnotationes
2009 1558 2288 1618 Politiani
2354 1559 2434 1618 ita
2493 1558 2965 1622 »indistincte»

702 1663 855 1722 inter
902 1683 965 1722 se
1012 1664 1301 1721 confusae
1348 1672 1502 1730 sunt,
1549 1673 1616 1719 ut
1660 1660 1978 1738 apparatui
2023 1671 2231 1719 nostro
2265 1660 2546 1720 inmixtas
2577 1660 2736 1720 nihil
2776 1684 2969 1722 com-

701 1763 889 1834 modi,
936 1761 1284 1823 detrimenti
1331 1783 1454 1820 non
1500 1761 1650 1820 nihil
1698 1782 1801 1821 eas
1833 1763 2142 1820 adlaturas
2188 1783 2317 1821 esse
2350 1782 2461 1838 pro
2493 1773 2660 1824 certo
2695 1763 2971 1825 habere

702 1865 900 1925 liceat.

903 1966 1001 2024 Ad
1048 1977 1421 2042 postremum
1468 1975 1641 2041 grato
1686 1963 1892 2023 animo
1938 1961 2083 2022 mihi
2129 1965 2538 2040 profitendum
2584 1976 2696 2034 est,
2747 1986 2968 2041 quan-

704 2081 913 2145 topere
975 2069 1052 2126 de
1110 2068 1229 2126 hac
1273 2067 1651 2125 Columellae
1714 2064 1982 2124 editione
2042 2064 2238 2125 meriti
2284 2065 2402 2124 sint
2445 2067 2845 2128 Innumeros
2899 2082 2966 2129 et

705 2171 1224 2229 STROEMBERGms
1282 2166 1421 2236 mei,
1482 2186 1741 2243 quorum
1803 2166 1903 2225 ille
1955 2187 2069 2225 nec
2117 2166 2311 2226 labori
2357 2187 2470 2226 nec
2515 2169 2799 2244 sumptui
2850 2191 2965 2247 pe-

704 2270 916 2347 percit,
963 2281 1027 2328 ut
1072 2269 1132 2327 in
1179 2289 1381 2328 meum
1427 2289 1600 2327 usum
1648 2266 1893 2326 codices
1939 2286 2178 2326 mecum
2227 2266 2635 2346 inuestigaret‚
2683 2267 2962 2330 inuesti-

707 2386 880 2451 gatos
941 2373 1243 2430 conferret
1286 2372 1687 2446 conlatosque
1734 2369 1936 2428 denuo
1983 2368 2374 2438 examinaret,
2423 2369 2519 2428 hic
2565 2382 2782 2429 autem
2837 2394 2962 2449 per

707 2477 862 2533 duos
906 2493 1101 2532 annos
1148 2472 1207 2530 in
1254 2471 1420 2532 libris
1467 2491 1651 2530 manu
1699 2469 1934 2547 scriptis
1966 2469 2344 2530 excutiendis
2374 2470 2748 2547 schedisque
2793 2474 2966 2533 meis

708 2578 912 2635 denuo
986 2594 1123 2633 cum
1198 2572 1513 2632 codicibus
1588 2571 1975 2631 conserendis
2047 2570 2542 2649 diligentissimus
2594 2571 2751 2631 mihi
2820 2587 2966 2634 erat

712 2676 970 2737 adiutor.

912 2793 1266 2854 Scribebam
1312 2791 1604 2869 Upsaliae
1651 2794 1809 2850 Non.
1858 2795 2020 2869 Sept.
2069 2812 2122 2850 a.
2170 2791 2704 2851 MDCCCXCVII.

2309 2926 2414 2984 Vil.
2463 2928 2865 2987 Lundstr-eme.
