<?xml version="1.0" encoding="UTF-8"?>
<!DOCTYPE html PUBLIC "-//W3C//DTD XHTML 1.0 Transitional//EN"
    "http://www.w3.org/TR/xhtml1/DTD/xhtml1-transitional.dtd">
<html xmlns="http://www.w3.org/1999/xhtml" xml:lang="en" lang="en">
 <head>
  <title>
</title>
<meta http-equiv="Content-Type" content="text/html;charset=utf-8" />
  <meta name='ocr-system' content='tesseract 3.04.00' />
  <meta name='ocr-capabilities' content='ocr_page ocr_carea ocr_par ocr_line ocrx_word'/>
</head>
<body>
  <div class='ocr_page' id='page_1' title='image "./operaquaeexstan00hedbgoog_0666.png"; bbox 0 0 3109 5559; ppageno 0'>
   <div class='ocr_carea' id='block_1_1' title="bbox 592 244 2300 304">
    <p class='ocr_par' dir='ltr' id='par_1_1' title="bbox 592 244 2300 304">
     <span class='ocr_line' id='line_1_1' title="bbox 592 244 2300 304; baseline -0.002 0"><span class='ocrx_word' id='word_1_1' title='bbox 592 244 680 303; x_wconf 84' lang='lat'>66</span> <span class='ocrx_word' id='word_1_2' title='bbox 1242 264 1294 304; x_wconf 82' lang='lat'>1..</span> <span class='ocrx_word' id='word_1_3' title='bbox 1346 263 1469 304; x_wconf 69' lang='lat' dir='ltr'>tvm</span> <span class='ocrx_word' id='word_1_4' title='bbox 1517 262 1841 304; x_wconf 56' lang='lat' dir='ltr'>nooman</span> <span class='ocrx_word' id='word_1_5' title='bbox 1888 261 2300 303; x_wconf 61' lang='lat' dir='ltr'>conatuum:</span> 
     </span>
    </p>
   </div>
   <div class='ocr_carea' id='block_1_2' title="bbox 589 418 3082 3072">
    <p class='ocr_par' dir='ltr' id='par_1_2' title="bbox 806 418 2874 588">
     <span class='ocr_line' id='line_1_2' title="bbox 807 418 2874 501; baseline -0.002 -20"><span class='ocrx_word' id='word_1_6' title='bbox 807 421 923 481; x_wconf 92' lang='lat' dir='ltr'>sed</span> <span class='ocrx_word' id='word_1_7' title='bbox 989 420 1243 501; x_wconf 90' lang='lat' dir='ltr'>singula</span> <span class='ocrx_word' id='word_1_8' title='bbox 1309 424 1560 482; x_wconf 86' lang='lat' dir='ltr'>semina</span> <span class='ocrx_word' id='word_1_9' title='bbox 1618 420 1890 501; x_wconf 90' lang='lat' dir='ltr'>singulis</span> <span class='ocrx_word' id='word_1_10' title='bbox 1946 419 2358 481; x_wconf 80' lang='lat' dir='ltr'>adminiculis</span> <span class='ocrx_word' id='word_1_11' title='bbox 2414 437 2562 478; x_wconf 64' lang='lat' dir='ltr'>effic</span> <span class='ocrx_word' id='word_1_12' title='bbox 2608 418 2874 477; x_wconf 84' lang='lat' dir='ltr'>contri·</span> 
     </span>
     <span class='ocr_line' id='line_1_3' title="bbox 806 527 1070 588; baseline 0.004 -1"><span class='ocrx_word' id='word_1_13' title='bbox 806 527 1070 588; x_wconf 87' lang='lat' dir='ltr'>buenda</span> 
     </span>
    </p>

    <p class='ocr_par' dir='ltr' id='par_1_3' title="bbox 595 633 2869 812">
     <span class='ocr_line' id='line_1_4' title="bbox 595 633 2869 715; baseline -0.001 -22"><span class='ocrx_word' id='word_1_14' title='bbox 595 653 833 695; x_wconf 88' lang='lat' dir='ltr'>nouam</span> <span class='ocrx_word' id='word_1_15' title='bbox 891 636 1421 695; x_wconf 88' lang='lat' dir='ltr'>constitutionem</span> <span class='ocrx_word' id='word_1_16' title='bbox 1479 638 1733 708; x_wconf 87' lang='lat' dir='ltr'>uineae,</span> <span class='ocrx_word' id='word_1_17' title='bbox 1795 637 1914 696; x_wconf 85' lang='lat' dir='ltr'>nisi</span> <span class='ocrx_word' id='word_1_18' title='bbox 1964 654 2205 715; x_wconf 87' lang='lat' dir='ltr'>magua</span> <span class='ocrx_word' id='word_1_19' title='bbox 2251 647 2318 694; x_wconf 89' lang='lat' dir='ltr'>et</span> <span class='ocrx_word' id='word_1_20' title='bbox 2364 633 2640 693; x_wconf 81' lang='lat' dir='ltr'>adsidua</span> <span class='ocrx_word' id='word_1_21' title='bbox 2687 651 2869 692; x_wconf 84' lang='lat' dir='ltr'>cura</span> 
     </span>
     <span class='ocr_line' id='line_1_5' title="bbox 806 741 1813 812; baseline 0.002 -11"><span class='ocrx_word' id='word_1_22' title='bbox 806 741 1163 812; x_wconf 87' lang='lat' dir='ltr'>adiuuetur‚</span> <span class='ocrx_word' id='word_1_23' title='bbox 1213 742 1507 803; x_wconf 82' lang='lat' dir='ltr'>celeriter</span> <span class='ocrx_word' id='word_1_24' title='bbox 1554 744 1813 803; x_wconf 90' lang='lat' dir='ltr'>interire</span> 
     </span>
    </p>

    <p class='ocr_par' dir='ltr' id='par_1_4' title="bbox 596 846 2935 1036">
     <span class='ocr_line' id='line_1_6' title="bbox 596 846 2935 927; baseline 0 -20"><span class='ocrx_word' id='word_1_25' title='bbox 596 849 915 926; x_wconf 82' lang='lat' dir='ltr'>prosterni</span> <span class='ocrx_word' id='word_1_26' title='bbox 962 849 1163 908; x_wconf 89' lang='lat' dir='ltr'>uitem</span> <span class='ocrx_word' id='word_1_27' title='bbox 1212 850 1275 910; x_wconf 90' lang='lat' dir='ltr'>in</span> <span class='ocrx_word' id='word_1_28' title='bbox 1324 850 1559 910; x_wconf 88' lang='lat' dir='ltr'>scrobe</span> <span class='ocrx_word' id='word_1_29' title='bbox 1605 862 1672 910; x_wconf 88' lang='lat' dir='ltr'>et</span> <span class='ocrx_word' id='word_1_30' title='bbox 1719 860 2120 911; x_wconf 90' lang='lat' dir='ltr'>recuruatam</span> <span class='ocrx_word' id='word_1_31' title='bbox 2168 867 2377 927; x_wconf 90' lang='lat' dir='ltr'>usque</span> <span class='ocrx_word' id='word_1_32' title='bbox 2408 847 2495 907; x_wconf 87' lang='lat' dir='ltr'>ab</span> <span class='ocrx_word' id='word_1_33' title='bbox 2528 848 2664 907; x_wconf 93' lang='lat' dir='ltr'>imo</span> <span class='ocrx_word' id='word_1_34' title='bbox 2698 846 2864 907; x_wconf 88' lang='lat' dir='ltr'>solo</span> <span class='ocrx_word' id='word_1_35' title='bbox 2895 876 2935 920; x_wconf 78' lang='lat'>5</span> 
     </span>
     <span class='ocr_line' id='line_1_7' title="bbox 808 954 2068 1036; baseline 0.001 -21"><span class='ocrx_word' id='word_1_36' title='bbox 808 967 1050 1016; x_wconf 89' lang='lat' dir='ltr'>rectam</span> <span class='ocrx_word' id='word_1_37' title='bbox 1099 954 1354 1016; x_wconf 61' lang='lat' dir='ltr'>calamo</span> <span class='ocrx_word' id='word_1_38' title='bbox 1402 956 1717 1036; x_wconf 89' lang='lat' dir='ltr'>adplicari</span> <span class='ocrx_word' id='word_1_39' title='bbox 1763 969 2068 1036; x_wconf 87' lang='lat' dir='ltr'>oportere</span> 
     </span>
    </p>

    <p class='ocr_par' dir='ltr' id='par_1_5' title="bbox 594 1062 2811 1143">
     <span class='ocr_line' id='line_1_8' title="bbox 594 1062 2811 1143; baseline -0 -21"><span class='ocrx_word' id='word_1_40' title='bbox 594 1082 632 1122; x_wconf 90' lang='lat' dir='ltr'>a</span> <span class='ocrx_word' id='word_1_41' title='bbox 678 1064 1044 1124; x_wconf 89' lang='lat' dir='ltr'>consitione</span> <span class='ocrx_word' id='word_1_42' title='bbox 1092 1063 1399 1125; x_wconf 89' lang='lat' dir='ltr'>omnibus</span> <span class='ocrx_word' id='word_1_43' title='bbox 1449 1064 1782 1124; x_wconf 87' lang='lat' dir='ltr'>mensibus</span> <span class='ocrx_word' id='word_1_44' title='bbox 1827 1063 2177 1143; x_wconf 87' lang='lat' dir='ltr'>diligenter</span> <span class='ocrx_word' id='word_1_45' title='bbox 2223 1062 2601 1122; x_wconf 80' lang='lat' dir='ltr'>fodiendum</span> <span class='ocrx_word' id='word_1_46' title='bbox 2650 1080 2811 1122; x_wconf 54' lang='grc' dir='ltr'>ωδε</span> 
     </span>
    </p>

    <p class='ocr_par' dir='ltr' id='par_1_6' title="bbox 595 1169 3082 1291">
     <span class='ocr_line' id='line_1_9' title="bbox 595 1169 3082 1291; baseline 0 -62"><span class='ocrx_word' id='word_1_47' title='bbox 595 1189 725 1230; x_wconf 90' lang='lat' dir='ltr'>non</span> <span class='ocrx_word' id='word_1_48' title='bbox 760 1189 905 1230; x_wconf 89' lang='lat' dir='ltr'>esse</span> <span class='ocrx_word' id='word_1_49' title='bbox 938 1169 1477 1240; x_wconf 89' lang='lat' dir='ltr'>conmittendum‚</span> <span class='ocrx_word' id='word_1_50' title='bbox 1512 1184 1584 1231; x_wconf 94' lang='lat' dir='ltr'>ut</span> <span class='ocrx_word' id='word_1_51' title='bbox 1618 1172 1679 1231; x_wconf 90' lang='lat' dir='ltr'>in</span> <span class='ocrx_word' id='word_1_52' title='bbox 1715 1169 1971 1231; x_wconf 89' lang='lat' dir='ltr'>nouella</span> <span class='ocrx_word' id='word_1_53' title='bbox 2004 1171 2194 1230; x_wconf 88' lang='lat' dir='ltr'>uinea</span> <span class='ocrx_word' id='word_1_54' title='bbox 2219 1169 2467 1229; x_wconf 84' lang='lat' dir='ltr'>herbae</span> <span class='ocrx_word' id='word_1_55' title='bbox 2492 1182 2864 1230; x_wconf 88' lang='lat' dir='ltr'>nascantur</span> <span class='ocrx_word' id='word_1_56' title='bbox 3081 1221 3082 1291; x_wconf 32' lang='grc'>1</span> 
     </span>
    </p>

    <p class='ocr_par' dir='ltr' id='par_1_7' title="bbox 593 1276 3082 1465">
     <span class='ocr_line' id='line_1_10' title="bbox 593 1276 3082 1394; baseline 0.001 -58"><span class='ocrx_word' id='word_1_57' title='bbox 593 1277 682 1337; x_wconf 89' lang='lat' dir='ltr'>ita</span> <span class='ocrx_word' id='word_1_58' title='bbox 749 1276 1230 1357; x_wconf 88' lang='lat' dir='ltr'>pampinandas</span> <span class='ocrx_word' id='word_1_59' title='bbox 1292 1297 1436 1337; x_wconf 91' lang='lat' dir='ltr'>esse</span> <span class='ocrx_word' id='word_1_60' title='bbox 1497 1277 1905 1348; x_wconf 88' lang='lat' dir='ltr'>uiuiradices‚</span> <span class='ocrx_word' id='word_1_61' title='bbox 1969 1288 2038 1337; x_wconf 92' lang='lat' dir='ltr'>ut</span> <span class='ocrx_word' id='word_1_62' title='bbox 2099 1276 2183 1338; x_wconf 89' lang='lat' dir='ltr'>ad</span> <span class='ocrx_word' id='word_1_63' title='bbox 2243 1296 2440 1337; x_wconf 89' lang='lat' dir='ltr'>unam</span> <span class='ocrx_word' id='word_1_64' title='bbox 2503 1278 2860 1338; x_wconf 84' lang='lat' dir='ltr'>materiam</span> <span class='ocrx_word' id='word_1_65' title='bbox 3080 1296 3082 1394; x_wconf 54' lang='grc'><strong>4</strong></span> 
     </span>
     <span class='ocr_line' id='line_1_11' title="bbox 808 1384 2990 1465; baseline -0.002 -20"><span class='ocrx_word' id='word_1_66' title='bbox 808 1384 1184 1465; x_wconf 87' lang='lat' dir='ltr'>redigantur</span> <span class='ocrx_word' id='word_1_67' title='bbox 2918 1412 2990 1441; x_wconf 77' lang='grc' dir='ltr'>ιο</span> 
     </span>
    </p>

    <p class='ocr_par' dir='ltr' id='par_1_8' title="bbox 589 1491 2338 1572">
     <span class='ocr_line' id='line_1_12' title="bbox 589 1491 2338 1572; baseline 0 -21"><span class='ocrx_word' id='word_1_68' title='bbox 589 1491 869 1552; x_wconf 88' lang='lat' dir='ltr'>eandem</span> <span class='ocrx_word' id='word_1_69' title='bbox 918 1494 1479 1572; x_wconf 88' lang='lat' dir='ltr'>pampinationem</span> <span class='ocrx_word' id='word_1_70' title='bbox 1529 1491 1849 1554; x_wconf 87' lang='lat' dir='ltr'>malleolis</span> <span class='ocrx_word' id='word_1_71' title='bbox 1894 1491 2338 1553; x_wconf 86' lang='lat' dir='ltr'>adhibendam</span> 
     </span>
    </p>

    <p class='ocr_par' dir='ltr' id='par_1_9' title="bbox 592 1599 2859 1785">
     <span class='ocr_line' id='line_1_13' title="bbox 592 1599 2859 1679; baseline -0.001 -20"><span class='ocrx_word' id='word_1_72' title='bbox 592 1600 1048 1677; x_wconf 89' lang='lat' dir='ltr'>tempestiuam</span> <span class='ocrx_word' id='word_1_73' title='bbox 1111 1601 1672 1679; x_wconf 86' lang='lat' dir='ltr'>pampinationem</span> <span class='ocrx_word' id='word_1_74' title='bbox 1733 1619 1900 1674; x_wconf 90' lang='lat' dir='ltr'>esse,</span> <span class='ocrx_word' id='word_1_75' title='bbox 1962 1618 2131 1678; x_wconf 90' lang='lat' dir='ltr'>quae</span> <span class='ocrx_word' id='word_1_76' title='bbox 2191 1599 2281 1658; x_wconf 89' lang='lat' dir='ltr'>ita</span> <span class='ocrx_word' id='word_1_77' title='bbox 2331 1610 2556 1657; x_wconf 88' lang='lat' dir='ltr'>tenera</span> <span class='ocrx_word' id='word_1_78' title='bbox 2603 1609 2731 1670; x_wconf 81' lang='lat' dir='ltr'>est,</span> <span class='ocrx_word' id='word_1_79' title='bbox 2783 1611 2859 1658; x_wconf 91' lang='lat' dir='ltr'>ut</span> 
     </span>
     <span class='ocr_line' id='line_1_14' title="bbox 807 1705 2015 1785; baseline 0.001 -20"><span class='ocrx_word' id='word_1_80' title='bbox 807 1706 1016 1785; x_wconf 86' lang='lat' dir='ltr'>digito</span> <span class='ocrx_word' id='word_1_81' title='bbox 1066 1705 1368 1785; x_wconf 87' lang='lat' dir='ltr'>palmites</span> <span class='ocrx_word' id='word_1_82' title='bbox 1418 1706 1606 1768; x_wconf 78' lang='lat' dir='ltr'>facile</span> <span class='ocrx_word' id='word_1_83' title='bbox 1653 1706 2015 1768; x_wconf 84' lang='lat' dir='ltr'>deiciantur</span> 
     </span>
    </p>

    <p class='ocr_par' dir='ltr' id='par_1_10' title="bbox 594 1812 2585 1893">
     <span class='ocr_line' id='line_1_15' title="bbox 594 1812 2585 1893; baseline -0.001 -21"><span class='ocrx_word' id='word_1_84' title='bbox 594 1831 723 1872; x_wconf 90' lang='lat' dir='ltr'>non</span> <span class='ocrx_word' id='word_1_85' title='bbox 772 1825 1078 1892; x_wconf 88' lang='lat' dir='ltr'>oportere</span> <span class='ocrx_word' id='word_1_86' title='bbox 1127 1834 1243 1892; x_wconf 86' lang='lat' dir='ltr'>per</span> <span class='ocrx_word' id='word_1_87' title='bbox 1289 1825 1609 1875; x_wconf 84' lang='lat' dir='ltr'>aestatem</span> <span class='ocrx_word' id='word_1_88' title='bbox 1659 1812 1824 1874; x_wconf 80' lang='lat' dir='ltr'>falce</span> <span class='ocrx_word' id='word_1_89' title='bbox 1871 1814 2221 1893; x_wconf 88' lang='lat' dir='ltr'>pampinos</span> <span class='ocrx_word' id='word_1_90' title='bbox 2268 1812 2585 1873; x_wconf 88' lang='lat' dir='ltr'>adnotare</span> 
     </span>
    </p>

    <p class='ocr_par' dir='ltr' id='par_1_11' title="bbox 595 1920 2953 2000">
     <span class='ocr_line' id='line_1_16' title="bbox 595 1920 2953 2000; baseline -0.001 -22"><span class='ocrx_word' id='word_1_91' title='bbox 595 1939 711 1998; x_wconf 85' lang='lat' dir='ltr'>per</span> <span class='ocrx_word' id='word_1_92' title='bbox 741 1932 1116 1981; x_wconf 88' lang='lat' dir='ltr'>autumnum</span> <span class='ocrx_word' id='word_1_93' title='bbox 1155 1920 1680 2000; x_wconf 89' lang='lat' dir='ltr'>ablaqueandum</span> <span class='ocrx_word' id='word_1_94' title='bbox 1716 1940 1863 1981; x_wconf 89' lang='lat' dir='ltr'>esse</span> <span class='ocrx_word' id='word_1_95' title='bbox 1895 1922 2117 2000; x_wconf 90' lang='lat' dir='ltr'>utique</span> <span class='ocrx_word' id='word_1_96' title='bbox 2150 1921 2361 2000; x_wconf 92' lang='lat' dir='ltr'>primo</span> <span class='ocrx_word' id='word_1_97' title='bbox 2394 1920 2858 1999; x_wconf 90' lang='lat' dir='ltr'>quinquennio</span> <span class='ocrx_word' id='word_1_98' title='bbox 2892 1946 2910 1976; x_wconf 83' lang='lat'>1</span> <span class='ocrx_word' id='word_1_99' title='bbox 2922 1946 2953 1988; x_wconf 55' lang='grc' dir='ltr'>,ς</span> 
     </span>
    </p>

    <p class='ocr_par' dir='ltr' id='par_1_12' title="bbox 595 2024 2316 2107">
     <span class='ocr_line' id='line_1_17' title="bbox 595 2024 2316 2107; baseline 0.001 -22"><span class='ocrx_word' id='word_1_100' title='bbox 595 2024 918 2087; x_wconf 90' lang='lat' dir='ltr'>nouellam</span> <span class='ocrx_word' id='word_1_101' title='bbox 966 2028 1223 2088; x_wconf 89' lang='lat' dir='ltr'>uineam</span> <span class='ocrx_word' id='word_1_102' title='bbox 1272 2040 1423 2089; x_wconf 89' lang='lat' dir='ltr'>ante</span> <span class='ocrx_word' id='word_1_103' title='bbox 1473 2029 1769 2089; x_wconf 86' lang='lat' dir='ltr'>brumam</span> <span class='ocrx_word' id='word_1_104' title='bbox 1817 2026 2316 2107; x_wconf 87' lang='lat' dir='ltr'>coaequandam</span> 
     </span>
    </p>

    <p class='ocr_par' dir='ltr' id='par_1_13' title="bbox 594 2131 2856 2319">
     <span class='ocr_line' id='line_1_18' title="bbox 594 2131 2856 2213; baseline 0 -20"><span class='ocrx_word' id='word_1_105' title='bbox 594 2132 981 2212; x_wconf 86' lang='lat' dir='ltr'>ablaqueata</span> <span class='ocrx_word' id='word_1_106' title='bbox 1042 2135 1231 2195; x_wconf 89' lang='lat' dir='ltr'>uinea</span> <span class='ocrx_word' id='word_1_107' title='bbox 1295 2155 1488 2213; x_wconf 90' lang='lat' dir='ltr'>quem</span> <span class='ocrx_word' id='word_1_108' title='bbox 1551 2133 1635 2195; x_wconf 92' lang='lat' dir='ltr'>ad</span> <span class='ocrx_word' id='word_1_109' title='bbox 1701 2135 1966 2195; x_wconf 90' lang='lat' dir='ltr'>modum</span> <span class='ocrx_word' id='word_1_110' title='bbox 2016 2135 2306 2195; x_wconf 89' lang='lat' dir='ltr'>aestiuae</span> <span class='ocrx_word' id='word_1_111' title='bbox 2354 2131 2667 2193; x_wconf 88' lang='lat' dir='ltr'>ridiculae</span> <span class='ocrx_word' id='word_1_112' title='bbox 2715 2153 2856 2194; x_wconf 90' lang='lat' dir='ltr'>am·</span> 
     </span>
     <span class='ocr_line' id='line_1_19' title="bbox 812 2250 1117 2319; baseline 0.003 -19"><span class='ocrx_word' id='word_1_113' title='bbox 812 2250 1117 2319; x_wconf 89' lang='lat' dir='ltr'>putentur</span> 
     </span>
    </p>

    <p class='ocr_par' dir='ltr' id='par_1_14' title="bbox 597 2347 2097 2430">
     <span class='ocr_line' id='line_1_20' title="bbox 597 2347 2097 2430; baseline 0.001 -23"><span class='ocrx_word' id='word_1_114' title='bbox 597 2367 790 2427; x_wconf 88' lang='lat' dir='ltr'>quem</span> <span class='ocrx_word' id='word_1_115' title='bbox 838 2347 922 2408; x_wconf 89' lang='lat' dir='ltr'>ad</span> <span class='ocrx_word' id='word_1_116' title='bbox 973 2348 1238 2409; x_wconf 90' lang='lat' dir='ltr'>modum</span> <span class='ocrx_word' id='word_1_117' title='bbox 1289 2348 1546 2411; x_wconf 90' lang='lat' dir='ltr'>nouella</span> <span class='ocrx_word' id='word_1_118' title='bbox 1594 2352 1785 2411; x_wconf 89' lang='lat' dir='ltr'>uinea</span> <span class='ocrx_word' id='word_1_119' title='bbox 1836 2360 2097 2430; x_wconf 87' lang='lat' dir='ltr'>putetur</span> 
     </span>
    </p>

    <p class='ocr_par' dir='ltr' id='par_1_15' title="bbox 596 2454 1896 2537">
     <span class='ocr_line' id='line_1_21' title="bbox 596 2454 1896 2537; baseline 0.002 -22"><span class='ocrx_word' id='word_1_120' title='bbox 596 2454 771 2535; x_wconf 91' lang='lat' dir='ltr'>quod</span> <span class='ocrx_word' id='word_1_121' title='bbox 822 2458 903 2516; x_wconf 87' lang='lat' dir='ltr'>sit</span> <span class='ocrx_word' id='word_1_122' title='bbox 950 2457 1268 2534; x_wconf 91' lang='lat' dir='ltr'>optimum</span> <span class='ocrx_word' id='word_1_123' title='bbox 1319 2471 1579 2536; x_wconf 91' lang='lat' dir='ltr'>tempus</span> <span class='ocrx_word' id='word_1_124' title='bbox 1629 2457 1896 2537; x_wconf 86' lang='lat' dir='ltr'>putandi</span> 
     </span>
    </p>

    <p class='ocr_par' dir='ltr' id='par_1_16' title="bbox 598 2562 1934 2641">
     <span class='ocr_line' id='line_1_22' title="bbox 598 2562 1934 2641; baseline 0.001 -19"><span class='ocrx_word' id='word_1_125' title='bbox 598 2582 729 2641; x_wconf 89' lang='lat' dir='ltr'>quo</span> <span class='ocrx_word' id='word_1_126' title='bbox 780 2564 978 2623; x_wconf 91' lang='lat' dir='ltr'>modo</span> <span class='ocrx_word' id='word_1_127' title='bbox 1029 2562 1364 2625; x_wconf 89' lang='lat' dir='ltr'>malleolus</span> <span class='ocrx_word' id='word_1_128' title='bbox 1412 2564 1804 2625; x_wconf 89' lang='lat' dir='ltr'>resecandus</span> <span class='ocrx_word' id='word_1_129' title='bbox 1851 2566 1934 2624; x_wconf 90' lang='lat' dir='ltr'>sit</span> 
     </span>
    </p>

    <p class='ocr_par' dir='ltr' id='par_1_17' title="bbox 597 2670 1967 2751">
     <span class='ocr_line' id='line_1_23' title="bbox 597 2670 1967 2751; baseline 0.001 -22"><span class='ocrx_word' id='word_1_130' title='bbox 597 2688 790 2748; x_wconf 89' lang='lat' dir='ltr'>quem</span> <span class='ocrx_word' id='word_1_131' title='bbox 841 2670 922 2729; x_wconf 88' lang='lat' dir='ltr'>ad</span> <span class='ocrx_word' id='word_1_132' title='bbox 977 2671 1239 2731; x_wconf 90' lang='lat' dir='ltr'>modum</span> <span class='ocrx_word' id='word_1_133' title='bbox 1290 2672 1438 2731; x_wconf 89' lang='lat' dir='ltr'>uitis</span> <span class='ocrx_word' id='word_1_134' title='bbox 1486 2671 1837 2751; x_wconf 87' lang='lat' dir='ltr'>adliganda</span> <span class='ocrx_word' id='word_1_135' title='bbox 1886 2672 1967 2730; x_wconf 91' lang='lat' dir='ltr'>sit</span> 
     </span>
    </p>

    <p class='ocr_par' dir='ltr' id='par_1_18' title="bbox 599 2777 2101 2858">
     <span class='ocr_line' id='line_1_24' title="bbox 599 2777 2101 2858; baseline 0.001 -22"><span class='ocrx_word' id='word_1_136' title='bbox 599 2796 791 2856; x_wconf 86' lang='lat' dir='ltr'>quem</span> <span class='ocrx_word' id='word_1_137' title='bbox 841 2777 924 2838; x_wconf 91' lang='lat' dir='ltr'>ad</span> <span class='ocrx_word' id='word_1_138' title='bbox 976 2778 1240 2838; x_wconf 92' lang='lat' dir='ltr'>modum</span> <span class='ocrx_word' id='word_1_139' title='bbox 1292 2780 1737 2858; x_wconf 88' lang='lat' dir='ltr'>pampinanda</span> <span class='ocrx_word' id='word_1_140' title='bbox 1783 2780 1864 2840; x_wconf 86' lang='lat' dir='ltr'>sit</span> <span class='ocrx_word' id='word_1_141' title='bbox 1912 2779 2101 2839; x_wconf 89' lang='lat' dir='ltr'>uinea</span> 
     </span>
    </p>

    <p class='ocr_par' dir='ltr' id='par_1_19' title="bbox 599 2884 1883 2964">
     <span class='ocr_line' id='line_1_25' title="bbox 599 2884 1883 2964; baseline 0.001 -20"><span class='ocrx_word' id='word_1_142' title='bbox 599 2904 792 2964; x_wconf 91' lang='lat' dir='ltr'>quam</span> <span class='ocrx_word' id='word_1_143' title='bbox 844 2884 972 2945; x_wconf 90' lang='lat' dir='ltr'>alte</span> <span class='ocrx_word' id='word_1_144' title='bbox 1019 2885 1390 2946; x_wconf 86' lang='lat' dir='ltr'>cantherius</span> <span class='ocrx_word' id='word_1_145' title='bbox 1439 2884 1754 2947; x_wconf 87' lang='lat' dir='ltr'>leuandus</span> <span class='ocrx_word' id='word_1_146' title='bbox 1801 2887 1883 2946; x_wconf 91' lang='lat' dir='ltr'>sit</span> 
     </span>
    </p>

    <p class='ocr_par' dir='ltr' id='par_1_20' title="bbox 601 2991 2506 3072">
     <span class='ocr_line' id='line_1_26' title="bbox 601 2991 2506 3072; baseline 0.001 -21"><span class='ocrx_word' id='word_1_147' title='bbox 601 3011 792 3070; x_wconf 87' lang='lat' dir='ltr'>quem</span> <span class='ocrx_word' id='word_1_148' title='bbox 843 2992 926 3053; x_wconf 90' lang='lat' dir='ltr'>ad</span> <span class='ocrx_word' id='word_1_149' title='bbox 977 2993 1240 3052; x_wconf 91' lang='lat' dir='ltr'>modum</span> <span class='ocrx_word' id='word_1_150' title='bbox 1294 2991 1609 3053; x_wconf 88' lang='lat' dir='ltr'>malleolis</span> <span class='ocrx_word' id='word_1_151' title='bbox 1659 2993 1876 3072; x_wconf 86' lang='lat' dir='ltr'>iugum</span> <span class='ocrx_word' id='word_1_152' title='bbox 1928 2991 2373 3071; x_wconf 87' lang='lat' dir='ltr'>inponendum</span> <span class='ocrx_word' id='word_1_153' title='bbox 2422 2994 2506 3053; x_wconf 91' lang='lat' dir='ltr'>sit</span> 
     </span>
    </p>
   </div>
   <div class='ocr_carea' id='block_1_3' title="bbox 601 3099 2847 3267">
    <p class='ocr_par' dir='ltr' id='par_1_21' title="bbox 601 3099 2847 3267">
     <span class='ocr_line' id='line_1_27' title="bbox 601 3099 2847 3180; baseline 0.001 -23"><span class='ocrx_word' id='word_1_154' title='bbox 601 3120 791 3179; x_wconf 86' lang='lat' dir='ltr'>quem</span> <span class='ocrx_word' id='word_1_155' title='bbox 844 3099 924 3159; x_wconf 90' lang='lat' dir='ltr'>ad</span> <span class='ocrx_word' id='word_1_156' title='bbox 977 3100 1241 3159; x_wconf 87' lang='lat' dir='ltr'>modum</span> <span class='ocrx_word' id='word_1_157' title='bbox 1294 3099 1549 3159; x_wconf 85' lang='lat' dir='ltr'>nouella</span> <span class='ocrx_word' id='word_1_158' title='bbox 1601 3101 1788 3159; x_wconf 87' lang='lat' dir='ltr'>uinea</span> <span class='ocrx_word' id='word_1_159' title='bbox 1840 3099 2307 3179; x_wconf 84' lang='lat' dir='ltr'>frequentanda</span> <span class='ocrx_word' id='word_1_160' title='bbox 2342 3111 2406 3159; x_wconf 89' lang='lat' dir='ltr'>et</span> <span class='ocrx_word' id='word_1_161' title='bbox 2442 3101 2847 3180; x_wconf 84' lang='lat' dir='ltr'>propagines</span> 
     </span>
     <span class='ocr_line' id='line_1_28' title="bbox 817 3205 1332 3267; baseline 0.002 -1"><span class='ocrx_word' id='word_1_162' title='bbox 817 3205 1154 3266; x_wconf 83' lang='lat' dir='ltr'>faciendae</span> <span class='ocrx_word' id='word_1_163' title='bbox 1203 3208 1332 3267; x_wconf 88' lang='lat' dir='ltr'>sint</span> 
     </span>
    </p>
   </div>
   <div class='ocr_carea' id='block_1_4' title="bbox 602 3476 2848 4160">
    <p class='ocr_par' dir='ltr' id='par_1_22' title="bbox 602 3476 2848 3716">
     <span class='ocr_line' id='line_1_29' title="bbox 781 3476 2848 3537; baseline -0 -14"><span class='ocrx_word' id='word_1_164' title='bbox 781 3493 811 3537; x_wconf 83' lang='lat'><strong>3</strong></span> <span class='ocrx_word' id='word_1_165' title='bbox 851 3477 1055 3524; x_wconf 70' lang='lat' dir='ltr'>ass-idua</span> <span class='ocrx_word' id='word_1_166' title='bbox 1095 3480 1136 3524; x_wconf 82' lang='lat' dir='ltr'>B</span> <span class='ocrx_word' id='word_1_167' title='bbox 1284 3491 1312 3534; x_wconf 86' lang='lat'>5</span> <span class='ocrx_word' id='word_1_168' title='bbox 1353 3476 1400 3521; x_wconf 91' lang='lat' dir='ltr'>in</span> <span class='ocrx_word' id='word_1_169' title='bbox 1442 3478 1679 3522; x_wconf 83' lang='lat' dir='ltr'>scrobem</span> <span class='ocrx_word' id='word_1_170' title='bbox 1721 3480 1762 3524; x_wconf 82' lang='lat' dir='ltr'>B</span> <span class='ocrx_word' id='word_1_171' title='bbox 1908 3491 2123 3522; x_wconf 85' lang='lat' dir='ltr'>recurua</span> <span class='ocrx_word' id='word_1_172' title='bbox 2200 3484 2298 3523; x_wconf 88' lang='lat' dir='ltr'>tam</span> <span class='ocrx_word' id='word_1_173' title='bbox 2338 3480 2372 3524; x_wconf 88' lang='lat' dir='ltr'>S</span> <span class='ocrx_word' id='word_1_174' title='bbox 2517 3479 2582 3524; x_wconf 89' lang='lat' dir='ltr'>ab</span> <span class='ocrx_word' id='word_1_175' title='bbox 2621 3477 2725 3524; x_wconf 90' lang='lat' dir='ltr'>imo</span> <span class='ocrx_word' id='word_1_176' title='bbox 2764 3479 2848 3523; x_wconf 80' lang='lat' dir='ltr'>ml</span> 
     </span>
     <span class='ocr_line' id='line_1_30' title="bbox 602 3559 2842 3626; baseline 0 -14"><span class='ocrx_word' id='word_1_177' title='bbox 602 3568 666 3613; x_wconf 90' lang='lat' dir='ltr'>ab</span> <span class='ocrx_word' id='word_1_178' title='bbox 709 3582 809 3613; x_wconf 92' lang='lat' dir='ltr'>uno</span> <span class='ocrx_word' id='word_1_179' title='bbox 836 3571 879 3615; x_wconf 78' lang='lat' dir='ltr'><strong>B</strong></span> <span class='ocrx_word' id='word_1_180' title='bbox 916 3568 978 3613; x_wconf 87' lang='lat' dir='ltr'>ad</span> <span class='ocrx_word' id='word_1_181' title='bbox 1007 3567 1143 3613; x_wconf 89' lang='lat' dir='ltr'>uimo</span> <span class='ocrx_word' id='word_1_182' title='bbox 1172 3568 1209 3614; x_wconf 75' lang='lat' dir='ltr'>A</span> <span class='ocrx_word' id='word_1_183' title='bbox 1249 3559 1361 3626; x_wconf 42' lang='lat' dir='ltr'>ad„¹</span> <span class='ocrx_word' id='word_1_184' title='bbox 1390 3566 1488 3611; x_wconf 88' lang='lat' dir='ltr'>imo</span> <span class='ocrx_word' id='word_1_185' title='bbox 1516 3568 1549 3612; x_wconf 87' lang='lat' dir='ltr'>S</span> <span class='ocrx_word' id='word_1_186' title='bbox 1694 3569 1727 3611; x_wconf 90' lang='lat'><strong>6</strong></span> <span class='ocrx_word' id='word_1_187' title='bbox 1767 3567 1962 3612; x_wconf 84' lang='lat' dir='ltr'>calamo</span> <span class='ocrx_word' id='word_1_188' title='bbox 1993 3568 2026 3611; x_wconf 84' lang='lat' dir='ltr'>S</span> <span class='ocrx_word' id='word_1_189' title='bbox 2064 3565 2235 3612; x_wconf 82' lang='lat' dir='ltr'>calore</span> <span class='ocrx_word' id='word_1_190' title='bbox 2263 3568 2347 3614; x_wconf 73' lang='lat' dir='ltr'>AB</span> <span class='ocrx_word' id='word_1_191' title='bbox 2490 3566 2752 3626; x_wconf 83' lang='lat' dir='ltr'>adplicare</span> <span class='ocrx_word' id='word_1_192' title='bbox 2777 3581 2842 3625; x_wconf 77' lang='lat' dir='ltr'>eq</span> 
     </span>
     <span class='ocr_line' id='line_1_31' title="bbox 604 3655 2838 3716; baseline 0 -14"><span class='ocrx_word' id='word_1_193' title='bbox 604 3656 845 3716; x_wconf 64' lang='lat' dir='ltr'>applicari</span> <span class='ocrx_word' id='word_1_194' title='bbox 885 3658 1003 3704; x_wconf 74' lang='lat' dir='ltr'>SAR</span> <span class='ocrx_word' id='word_1_195' title='bbox 1041 3655 1282 3715; x_wconf 82' lang='lat' dir='ltr'>adplicari</span> <span class='ocrx_word' id='word_1_196' title='bbox 1317 3668 1352 3712; x_wconf 86' lang='grc' dir='ltr'>μ</span> <span class='ocrx_word' id='word_1_197' title='bbox 1496 3658 1527 3700; x_wconf 86' lang='grc'><strong>8</strong></span> <span class='ocrx_word' id='word_1_198' title='bbox 1556 3656 1973 3701; x_wconf 75' lang='lat' dir='ltr'>committendum</span> <span class='ocrx_word' id='word_1_199' title='bbox 2003 3657 2122 3702; x_wconf 71' lang='lat' dir='ltr'>SAR</span> <span class='ocrx_word' id='word_1_200' title='bbox 2274 3670 2325 3700; x_wconf 83' lang='lat'>11</span> <span class='ocrx_word' id='word_1_201' title='bbox 2360 3655 2773 3714; x_wconf 82' lang='lat' dir='ltr'>panpinationem</span> <span class='ocrx_word' id='word_1_202' title='bbox 2801 3658 2838 3702; x_wconf 74' lang='lat' dir='ltr'>A</span> 
     </span>
    </p>

    <p class='ocr_par' dir='ltr' id='par_1_23' title="bbox 603 3744 2843 4160">
     <span class='ocr_line' id='line_1_32' title="bbox 754 3744 2699 3805; baseline 0.001 -15"><span class='ocrx_word' id='word_1_203' title='bbox 754 3760 806 3803; x_wconf 76' lang='lat'>¹4</span> <span class='ocrx_word' id='word_1_204' title='bbox 852 3745 1100 3804; x_wconf 73' lang='lat' dir='ltr'>pampinus</span> <span class='ocrx_word' id='word_1_205' title='bbox 1140 3746 1178 3791; x_wconf 77' lang='lat' dir='ltr'>A</span> <span class='ocrx_word' id='word_1_206' title='bbox 1350 3760 1405 3803; x_wconf 83' lang='lat'>¹5</span> <span class='ocrx_word' id='word_1_207' title='bbox 1446 3745 1791 3802; x_wconf 80' lang='lat' dir='ltr'>quinquannio</span> <span class='ocrx_word' id='word_1_208' title='bbox 1832 3761 1900 3790; x_wconf 83' lang='lat' dir='ltr'>m.</span> <span class='ocrx_word' id='word_1_209' title='bbox 1935 3752 2014 3805; x_wconf 78' lang='lat' dir='ltr'>pr.</span> <span class='ocrx_word' id='word_1_210' title='bbox 2056 3746 2107 3789; x_wconf 83' lang='lat' dir='ltr'>e&#39;n</span> <span class='ocrx_word' id='word_1_211' title='bbox 2148 3747 2183 3790; x_wconf 70' lang='lat' dir='ltr'>A</span> <span class='ocrx_word' id='word_1_212' title='bbox 2340 3747 2398 3789; x_wconf 84' lang='lat'>16</span> <span class='ocrx_word' id='word_1_213' title='bbox 2438 3744 2621 3790; x_wconf 87' lang='lat' dir='ltr'>bruma</span> <span class='ocrx_word' id='word_1_214' title='bbox 2659 3747 2699 3792; x_wconf 76' lang='lat' dir='ltr'>A</span> 
     </span>
     <span class='ocr_line' id='line_1_33' title="bbox 612 3833 2843 3894; baseline 0 -16"><span class='ocrx_word' id='word_1_215' title='bbox 612 3850 664 3892; x_wconf 80' lang='lat'>¹7</span> <span class='ocrx_word' id='word_1_216' title='bbox 708 3836 867 3879; x_wconf 59' lang='lat' dir='ltr'>estiua</span> <span class='ocrx_word' id='word_1_217' title='bbox 900 3837 980 3882; x_wconf 69' lang='lat' dir='ltr'>An</span> <span class='ocrx_word' id='word_1_218' title='bbox 1129 3834 1351 3880; x_wconf 68' lang='lat' dir='ltr'>redivulc</span> <span class='ocrx_word' id='word_1_219' title='bbox 1382 3837 1463 3881; x_wconf 68' lang='lat' dir='ltr'>AR</span> <span class='ocrx_word' id='word_1_220' title='bbox 1619 3849 1676 3890; x_wconf 83' lang='lat'>¹9</span> <span class='ocrx_word' id='word_1_221' title='bbox 1717 3842 1921 3892; x_wconf 83' lang='lat' dir='ltr'>putetur</span> <span class='ocrx_word' id='word_1_222' title='bbox 1949 3849 1982 3880; x_wconf 75' lang='lat' dir='ltr'>a</span> <span class='ocrx_word' id='word_1_223' title='bbox 2022 3841 2262 3892; x_wconf 86' lang='lat' dir='ltr'>putentur</span> <span class='ocrx_word' id='word_1_224' title='bbox 2290 3836 2371 3880; x_wconf 70' lang='lat' dir='ltr'>An</span> <span class='ocrx_word' id='word_1_225' title='bbox 2397 3837 2445 3882; x_wconf 88' lang='lat' dir='ltr'>(n</span> <span class='ocrx_word' id='word_1_226' title='bbox 2470 3840 2642 3894; x_wconf 81' lang='lat' dir='ltr'>postm</span> <span class='ocrx_word' id='word_1_227' title='bbox 2668 3833 2782 3883; x_wconf 72' lang='lat' dir='ltr'><em>dcl.)</em></span> <span class='ocrx_word' id='word_1_228' title='bbox 2807 3835 2843 3879; x_wconf 84' lang='lat' dir='ltr'>S</span> 
     </span>
     <span class='ocr_line' id='line_1_34' title="bbox 745 3923 2841 3983; baseline -0 -15"><span class='ocrx_word' id='word_1_229' title='bbox 745 3940 801 3968; x_wconf 69' lang='grc' dir='ltr'>’.η</span> <span class='ocrx_word' id='word_1_230' title='bbox 854 3924 1163 3969; x_wconf 67' lang='lat' dir='ltr'>reserandus</span> <span class='ocrx_word' id='word_1_231' title='bbox 1205 3924 1270 3968; x_wconf 67' lang='lat' dir='ltr'>sit</span> <span class='ocrx_word' id='word_1_232' title='bbox 1307 3924 1508 3982; x_wconf 60' lang='lat' dir='ltr'>srrismi:</span> <span class='ocrx_word' id='word_1_233' title='bbox 1549 3923 1861 3968; x_wconf 61' lang='lat' dir='ltr'>resecandus</span> <span class='ocrx_word' id='word_1_234' title='bbox 1890 3930 1967 3969; x_wconf 84' lang='lat' dir='ltr'>est</span> <span class='ocrx_word' id='word_1_235' title='bbox 1995 3924 2112 3970; x_wconf 75' lang='lat' dir='ltr'>SAR</span> <span class='ocrx_word' id='word_1_236' title='bbox 2258 3938 2321 3967; x_wconf 83' lang='lat'>22</span> <span class='ocrx_word' id='word_1_237' title='bbox 2361 3923 2635 3983; x_wconf 82' lang='lat' dir='ltr'>adliganda</span> <span class='ocrx_word' id='word_1_238' title='bbox 2664 3936 2698 3981; x_wconf 75' lang='grc' dir='ltr'>μ.</span> <span class='ocrx_word' id='word_1_239' title='bbox 2739 3924 2841 3968; x_wconf 84' lang='lat' dir='ltr'>alli·</span> 
     </span>
     <span class='ocr_line' id='line_1_35' title="bbox 603 4011 2839 4073; baseline -0.001 -15"><span class='ocrx_word' id='word_1_240' title='bbox 603 4014 764 4068; x_wconf 61' lang='lat' dir='ltr'>ganda</span> <span class='ocrx_word' id='word_1_241' title='bbox 805 4014 922 4060; x_wconf 69' lang='lat' dir='ltr'>SAR</span> <span class='ocrx_word' id='word_1_242' title='bbox 1068 4029 1129 4070; x_wconf 75' lang='lat'>24</span> <span class='ocrx_word' id='word_1_243' title='bbox 1174 4029 1322 4070; x_wconf 78' lang='lat' dir='ltr'>quam</span> <span class='ocrx_word' id='word_1_244' title='bbox 1366 4013 1463 4057; x_wconf 80' lang='lat' dir='ltr'>alte</span> <span class='ocrx_word' id='word_1_245' title='bbox 1505 4013 1795 4057; x_wconf 67' lang='lat' dir='ltr'>cantherius</span> <span class='ocrx_word' id='word_1_246' title='bbox 1836 4013 1903 4058; x_wconf 77' lang='lat' dir='ltr'>Sa</span> <span class='ocrx_word' id='word_1_247' title='bbox 1941 4028 2091 4070; x_wconf 80' lang='lat' dir='ltr'>quam</span> <span class='ocrx_word' id='word_1_248' title='bbox 2132 4011 2340 4057; x_wconf 78' lang='lat' dir='ltr'>alterius</span> <span class='ocrx_word' id='word_1_249' title='bbox 2370 4013 2574 4062; x_wconf 81' lang='lat' dir='ltr'>(canthe</span> <span class='ocrx_word' id='word_1_250' title='bbox 2601 4020 2839 4073; x_wconf 74' lang='lat' dir='ltr'>suprrscr.</span> 
     </span>
     <span class='ocr_line' id='line_1_36' title="bbox 605 4101 2839 4160; baseline 0 -14"><span class='ocrx_word' id='word_1_251' title='bbox 605 4118 672 4147; x_wconf 88' lang='lat' dir='ltr'>m.</span> <span class='ocrx_word' id='word_1_252' title='bbox 715 4107 823 4155; x_wconf 82' lang='lat' dir='ltr'>rec.)</span> <span class='ocrx_word' id='word_1_253' title='bbox 865 4104 901 4150; x_wconf 82' lang='grc' dir='ltr'><strong>Α</strong></span> <span class='ocrx_word' id='word_1_254' title='bbox 959 4103 1176 4160; x_wconf 80' lang='lat' dir='ltr'>qualiter</span> <span class='ocrx_word' id='word_1_255' title='bbox 1217 4102 1294 4147; x_wconf 89' lang='lat' dir='ltr'>uel</span> <span class='ocrx_word' id='word_1_256' title='bbox 1338 4117 1486 4159; x_wconf 86' lang='lat' dir='ltr'>quem</span> <span class='ocrx_word' id='word_1_257' title='bbox 1535 4101 1634 4147; x_wconf 84' lang='lat' dir='ltr'>alte</span> <span class='ocrx_word' id='word_1_258' title='bbox 1685 4101 1974 4148; x_wconf 81' lang='lat' dir='ltr'>cantherius</span> <span class='ocrx_word' id='word_1_259' title='bbox 2014 4105 2056 4148; x_wconf 76' lang='lat' dir='ltr'>R</span> <span class='ocrx_word' id='word_1_260' title='bbox 2112 4116 2261 4159; x_wconf 82' lang='lat' dir='ltr'>quam</span> <span class='ocrx_word' id='word_1_261' title='bbox 2302 4102 2433 4148; x_wconf 83' lang='lat' dir='ltr'>alter</span> <span class='ocrx_word' id='word_1_262' title='bbox 2471 4102 2766 4149; x_wconf 85' lang='lat' dir='ltr'>cantherius</span> <span class='ocrx_word' id='word_1_263' title='bbox 2806 4114 2839 4157; x_wconf 72' lang='grc' dir='ltr'>μ</span> 
     </span>
    </p>
   </div>
   <div class='ocr_carea' id='block_1_5' title="bbox 2870 2786 3069 4288">
    <p class='ocr_par' dir='ltr' id='par_1_24' title="bbox 2870 2786 3069 4300">
     <span class='ocr_line' id='line_1_37' title="bbox 2870 2786 3069 3066; baseline 0 0"><span class='ocrx_word' id='word_1_264' title='bbox 2870 2786 3069 3066; x_wconf 38' lang='grc'>251</span> 
     </span>
     <span class='ocr_line' id='line_1_38' title="bbox 3041 3096 3064 3370; baseline 0 0"><span class='ocrx_word' id='word_1_265' title='bbox 3041 3096 3064 3370; x_wconf 84' lang='grc' dir='ltr'>Ι</span> 
     </span>
     <span class='ocr_line' id='line_1_39' title="bbox 3037 3401 3059 3686; baseline 0 0"><span class='ocrx_word' id='word_1_266' title='bbox 3037 3401 3059 3686; x_wconf 77' lang='lat' dir='ltr'>l</span> 
     </span>
     <span class='ocr_line' id='line_1_40' title="bbox 3035 3691 3057 3970; baseline 0 0"><span class='ocrx_word' id='word_1_267' title='bbox 3035 3691 3057 3970; x_wconf 79' lang='grc' dir='ltr'>Ι</span> 
     </span>
     <span class='ocr_line' id='line_1_41' title="bbox 3027 3988 3053 4288; baseline 0 0"><span class='ocrx_word' id='word_1_268' title='bbox 3027 3988 3053 4288; x_wconf 78' lang='grc' dir='ltr'>,Ι</span> 
     </span>
    </p>
   </div>
   <div class='ocr_carea' id='block_1_6' title="bbox 748 4190 2685 4254">
    <p class='ocr_par' dir='ltr' id='par_1_25' title="bbox 748 4190 2685 4254">
     <span class='ocr_line' id='line_1_42' title="bbox 748 4190 2685 4254; baseline 0 -18"><span class='ocrx_word' id='word_1_269' title='bbox 748 4207 811 4249; x_wconf 80' lang='lat'>25</span> <span class='ocrx_word' id='word_1_270' title='bbox 855 4192 1084 4249; x_wconf 70' lang='lat' dir='ltr'>palleolis</span> <span class='ocrx_word' id='word_1_271' title='bbox 1126 4194 1163 4238; x_wconf 73' lang='lat' dir='ltr'>A</span> <span class='ocrx_word' id='word_1_272' title='bbox 1310 4191 1670 4248; x_wconf 73' lang='lat' dir='ltr'>imponendum</span> <span class='ocrx_word' id='word_1_273' title='bbox 1712 4192 1755 4238; x_wconf 81' lang='lat' dir='ltr'>R</span> <span class='ocrx_word' id='word_1_274' title='bbox 1900 4194 1965 4236; x_wconf 82' lang='lat'>26</span> <span class='ocrx_word' id='word_1_275' title='bbox 2008 4190 2153 4253; x_wconf 64' lang='lat' dir='ltr'>uince</span> <span class='ocrx_word' id='word_1_276' title='bbox 2205 4191 2613 4254; x_wconf 72' lang='lat' dir='ltr'>airequentanda</span> <span class='ocrx_word' id='word_1_277' title='bbox 2653 4194 2685 4236; x_wconf 83' lang='lat' dir='ltr'>S</span> 
     </span>
    </p>
   </div>
   <div class='ocr_carea' id='block_1_7' title="bbox 654 4588 3092 5412">
    <p class='ocr_par' dir='ltr' id='par_1_26' title="bbox 654 4588 3092 5412">
     <span class='ocr_line' id='line_1_43' title="bbox 654 4588 3092 5412; baseline 0 0"><span class='ocrx_word' id='word_1_278' title='bbox 654 4588 3092 5412; x_wconf 95' lang='lat' dir='ltr'> </span> 
     </span>
    </p>
   </div>
  </div>
 </body>
</html>
