3109 5559
1110 327 1208 369 REI
1258 326 1565 370 RvsTicAE
1614 328 1727 371 [ΑΒ.
1779 329 1794 370 1
1842 334 1886 367 c.
1925 322 1957 367 6
2578 326 2654 392 35

422 485 575 546 enim
635 487 939 566 corporis
988 487 1206 549 robori
1254 488 1568 549 conuenit
1614 486 1919 569 frequens
1966 508 2120 551 usus
2167 509 2412 551 earum.
2509 511 2664 571 apo-

423 591 632 654 thecae
688 604 865 654 recte
908 605 1434 674 superponentur
1467 594 1569 656 his
1601 593 1781 668 lociS,
1816 596 1992 657 unde
2027 595 2414 678 plerumque
2450 597 2665 659 sumus

421 701 719 772 exoritur,
792 701 1107 780 quoniam
1177 702 1328 763 uina
1399 701 1696 764 celerius·
1745 713 2217 777 uetustescunt‚
2266 725 2435 785 quae
2483 704 2664 767 sumo

421 807 698 886 quodam
748 827 988 887 genere
1038 828 1479 889 praecoquem
1526 810 1971 872 maturitatem
2020 810 2302 873 trahunt.
2398 825 2667 893 propter

380 915 583 992 squod
662 927 727 976 et
798 915 972 976 aliud
1042 915 1409 978 tabulatum
1478 936 1626 979 esse
1689 917 1981 992 debebit,
2031 937 2166 999 quo
2214 934 2662 991 amoueantur,

422 1040 494 1081 ne
536 1041 760 1083 rursus
808 1023 1006 1084 nimia
1052 1023 1514 1086 suffumatione
1565 1024 1893 1087 medicata
1941 1026 2091 1087 sint.

586 1126 793 1209 Quod
864 1130 950 1191 ad
1002 1129 1195 1192 uillae
1241 1131 1436 1193 situm
1487 1133 1904 1213 partiumque
1952 1132 2093 1194 eius
2144 1131 2668 1213 dispositionem,

420 1235 567 1296 satis
612 1235 864 1297 dictum
910 1248 1029 1299 est.
1110 1239 1284 1300 circa
1317 1238 1538 1301 uillam
1573 1239 1891 1319 deinceps
1924 1239 2088 1301 haec
2120 1259 2266 1302 esse
2297 1240 2661 1320 oportebit:
2691 1257 2761 1302 21

428 1339 678 1404 furnum
728 1356 793 1404 et
843 1345 1209 1424 pistrinum,
1259 1356 1578 1427 quantum
1628 1344 1885 1410 futurus
1941 1366 2251 1408 numerus
2282 1346 2663 1409 colonorum

354 1475 406 1511 ιο
425 1449 867 1527 postulauerit‚
941 1453 1229 1532 piscinas
1300 1454 1567 1515 minime
1633 1454 1821 1528 duaS,
1872 1454 2163 1528 alteram,
2214 1473 2386 1535 quae
2433 1456 2670 1516 anseri·

424 1555 536 1616 bus
605 1560 1094 1640 pecoribusque
1163 1560 1425 1633 seruiat,
1499 1559 1792 1637 alteram,
1858 1561 1921 1622 in
1971 1580 2101 1640 qua
2148 1558 2463 1641 lupinum,
2515 1559 2669 1622 ulmi

424 1663 662 1726 nimina
709 1678 778 1727 et
826 1668 1045 1748 uirgas
1094 1680 1292 1748 atque
1338 1666 1485 1744 alia,
1535 1687 1708 1748 quae
1755 1678 1909 1731 sunt
1958 1668 2183 1730 usibus
2214 1669 2457 1730 nostris
2490 1683 2667 1747 apta,

428 1790 848 1835 maceremus,
944 1773 1272 1837 Stercilina
1318 1794 1584 1856 quoque
1634 1776 1768 1838 duo
1815 1776 1966 1847 sint,
2025 1796 2245 1848 unum,
2281 1775 2462 1856 quod
2498 1795 2670 1836 noua

427 1894 858 1960 purgamenta
930 1882 1202 1964 recipiat
1272 1893 1338 1944 et
1407 1883 1472 1944 in
1530 1903 1773 1944 annum
1821 1892 2189 1952 conseruet,
2240 1881 2538 1953 alterum,
2586 1901 2672 1942 ex

351 2006 549 2066 15quo
575 1998 802 2050 uetera
829 1988 1166 2064 uehantur,
1194 1991 1313 2052 sed
1341 2000 1688 2071 utrumque
1714 2010 1896 2051 more
1919 1990 2316 2069 piscinarum
2342 1989 2669 2050 deuexum

422 2092 541 2154 leni
590 2093 763 2156 cliuo
811 2108 879 2157 et
906 2105 1329 2158 'exstructum
1366 2098 2021 2178 pauimentatumque
2054 2095 2217 2171 solt),
2263 2116 2345 2157 ne
2378 2115 2671 2157 umorem

423 2203 805 2264 tramittant.
881 2203 1230 2284 plurimum
1280 2205 1453 2266 enim
1491 2204 1685 2267 refert
1719 2225 1848 2266 non
1884 2205 2219 2266 adsiccato
2251 2223 2413 2265 suco
2445 2201 2668 2265 funum
2698 2217 2776 2262 22

423 2309 592 2371 uires
640 2312 982 2373 continere
1032 2323 1097 2374 et
1146 2311 1427 2374 adsiduo
1476 2313 1792 2374 macerari
1840 2310 2112 2392 liquore,
2164 2321 2254 2385 ut,
2303 2311 2358 2371 si
2404 2330 2537 2392 qua
2584 2311 2672 2371 in·

426 2417 692 2479 teriecta
755 2418 885 2480 sint
933 2421 1310 2482 stramentis
1359 2430 1470 2481 aut
1518 2419 1726 2501 paleis
1771 2420 2104 2500 spinarum
2154 2416 2259 2479 uel
2307 2418 2672 2498 graminum

348 2525 698 2599 zosemina,
749 2525 1068 2589 intereant
1117 2546 1239 2589 nec
1287 2528 1350 2588 in
1400 2546 1628 2607 agrum
1678 2538 2032 2606 exportata
2079 2525 2326 2606 segetis
2369 2524 2675 2586 herbidas

424 2631 726 2704 reddant,
802 2633 1087 2714 ideoque
1154 2635 1345 2716 periti
1394 2635 1637 2706 rustici,
1687 2633 1998 2714 quicquid
2049 2632 2333 2695 ouilibus
2378 2630 2669 2693 stabulis·

425 2757 552 2819 que
600 2760 995 2803 conuersum
1047 2752 1536 2822 progesserunt,
1588 2740 2023 2821 superpositis
2053 2739 2256 2821 uirgis
2288 2749 2524 2817 tegunt
2556 2757 2677 2800 nec

425 2866 723 2909 arescere
772 2847 929 2910 solis
975 2849 1236 2911 incursu
1273 2850 1607 2925 patiuntur
1639 2847 1744 2909 uel
1778 2848 1981 2909 exuri.
2064 2866 2236 2920 area,
2271 2847 2325 2907 si
2358 2846 2676 2925 conpetit,
2704 2860 2779 2921 23

420 2953 511 3014 ita
552 2956 1021 3018 constituenda
1058 2968 1176 3031 est,
1212 2967 1281 3017 ut
1316 2955 1418 3018 uel
1454 2976 1492 3017 a
1525 2956 1799 3017 domino
1831 2954 1933 3016 uel
1968 2964 2146 3015 certe
2177 2973 2216 3014 a
2250 2963 2676 3033 procuratore

344 3089 399 3139 25
424 3062 680 3143 despici
749 3064 975 3142 possit,
1045 3083 1254 3144 eaque
1303 3064 1556 3144 optima
1605 3074 1705 3123 est
1754 3061 1933 3123 silice
1982 3070 2335 3133 constrata,
2385 3059 2562 3138 quod
2612 3069 2676 3119 et

609 3331 642 3363 ο
680 3315 972 3377 plerunque
1008 3316 1054 3365 Β
1086 3316 1306 3377 plerique
1449 3329 1483 3375 3
1521 3313 1628 3374 quo
1663 3315 1739 3363 SA
1774 3328 1931 3373 quom
1960 3312 2040 3360 uel
2063 3326 2176 3359 cum
2204 3312 2249 3359 Β
2395 3327 2424 3368 4
2453 3323 2678 3369 prequo-

423 3405 529 3466 qu?
570 3407 607 3453 S
648 3420 1024 3465 praequoquem
1051 3406 1090 3452 A
1251 3420 1281 3465 5
1320 3404 1447 3452 aliut
1482 3403 1522 3462 (t
1563 3405 1616 3450 in
1656 3404 1708 3476 d·
1721 3407 1895 3466 postea
1934 3399 2083 3458 mut.)
2109 3402 2144 3449 S
2287 3405 2596 3447 amoueatur
2621 3394 2674 3453 (n

418 3512 488 3544 ss.
541 3498 657 3543 iam
699 3513 767 3543 m.
790 3503 869 3558 pr.
898 3500 954 3542 ut
978 3494 1104 3547 uid.)
1133 3497 1172 3544 A
1305 3497 1338 3541 6
1364 3493 1736 3542 suffuniatione
1762 3490 1969 3542 suaet
1995 3489 2263 3539 suffitione
2291 3489 2372 3535 uel
2396 3487 2675 3536 sufficione

422 3590 465 3635 Β
504 3586 812 3634 suffusione
850 3600 885 3645 p
1075 3599 1135 3632 10
1180 3584 1397 3646 pistinas
1444 3583 1514 3640 (st
1553 3588 1728 3646 postea
1764 3596 1893 3628 eras.
1931 3585 1978 3626 et
2012 3596 2067 3627 sc
2106 3577 2223 3635 scr.)
2262 3579 2295 3625 S
2330 3576 2406 3635 (in
2433 3576 2676 3638 pistrinus

420 3681 550 3721 mut.
584 3691 659 3721 m.
685 3674 798 3732 rec.)
825 3676 861 3722 A
1009 3674 1215 3722 minime
1254 3674 1304 3727 (e
1344 3674 1398 3720 in
1434 3671 1471 3719 u
1512 3676 1640 3718 mut.
1681 3687 1751 3717 m.
1791 3670 1898 3725 alt.)
1953 3671 1987 3718 8
2163 3683 2218 3715 11
2264 3666 2386 3715 ulmi
2424 3681 2528 3713 om.
2568 3662 2675 3713 SAb

477 3771 498 3797 ⁹
620 3780 679 3811 12
718 3772 839 3812 sunt
878 3766 913 3812 A
1104 3777 1165 3824 15
1204 3771 1463 3822 utrunque
1502 3764 1548 3809 Β
1724 3762 1787 3808 16
1825 3760 1927 3807 leui
1964 3761 2085 3808 SAR
2270 3763 2561 3804 extructum
2601 3756 2680 3803 SR

616 3854 1126 3914 pauimentatumque
1179 3853 1392 3914 scripsi:
1443 3844 1800 3913 pauiffituflque
1838 3850 1872 3896 8
1919 3848 2377 3909 pauimentumque
2414 3848 2500 3893 AB
2536 3844 2678 3905 paui·

418 3955 603 4004 tumq;
647 3944 705 3991 kl
856 3959 915 4000 ¹7
956 3958 1085 3992 suco
1123 3958 1225 3988 om.
1257 3935 1429 3990 &11¹3
1578 3940 1642 3987 18
1680 3939 1893 3987 assiduo
1921 3942 1963 3986 Β
2108 3952 2174 3983 20
2202 3935 2451 3983 seminam
2479 3942 2681 3982 tereant

420 4034 576 4087 (corr.
622 4048 692 4077 m.
732 4034 845 4083 rec.)
886 4034 921 4080 A
1068 4046 1129 4078 αι
1172 4031 1409 4091 quidquit
1446 4032 1521 4081 (in
1562 4029 1804 4089 quicquid
1845 4034 1970 4074 mut.
2012 4043 2081 4073 m.
2122 4025 2236 4081 rec.)
2276 4026 2312 4072 A
2459 4039 2523 4070 22
2562 4039 2681 4083 pro-

422 4128 712 4171 cesserunt
748 4127 790 4171 Β
825 4121 1026 4183 aliquot
1203 4135 1270 4180 23
1310 4134 1584 4167 arcessere
1623 4122 1666 4167 Β
1702 4119 1898 4179 aliquot
2040 4119 2125 4163 uel
2163 4112 2353 4161 addidi
2387 4129 2399 4159 :
2441 4127 2526 4159 om
2565 4113 2684 4159 SAR

427 4221 519 4260 aut
553 4216 683 4275 post
716 4227 958 4259 arescere
997 4213 1146 4258 inser.
1185 4214 1251 4270 gt.
1333 4209 1481 4257 exuri
1520 4224 1622 4255 om.
1664 4205 1772 4255 ΒΑδ
1929 4206 2176 4267 competit
2217 4210 2256 4253 Β
2405 4215 2469 4264 25
2509 4209 2683 4263 potest

422 4299 547 4361 (ssit
588 4316 663 4347 ss.
704 4303 811 4348 iam
852 4316 921 4347 m.
962 4305 1054 4348 uel.
1095 4306 1152 4347 ut
1185 4294 1315 4360 uid.)
1352 4300 1391 4346 A
1539 4298 1683 4345 silice
1722 4301 1764 4345 Β
1802 4297 1996 4344 insilice
2035 4293 2141 4343 SA&
