3109 5559
599 1219 631 1279 ,ἶ
645 1239 677 1281 3

713 398 785 453 1⁴
1294 394 1349 436 1..
1400 393 1524 435 lvxi
1572 391 1899 434 nom-:Rau
1945 391 2356 433 coLvussLLAE

701 578 912 619 terum
976 570 1205 617 natura
1250 553 1683 632 sagacitatem
1733 551 2094 613 Democriti
2142 550 2247 612 uel
2294 551 2707 631 Pythagorae
2757 550 2986 611 suerit

700 676 1099 728 musecutus
1164 674 1234 722 et
1303 661 1368 721 in
1424 659 1717 721 motibus
1765 671 2087 721 astrorum
2134 671 2610 739 uentorumque
2658 659 2985 720 Metonis

703 771 1186 849 prouidentiam
1258 766 1359 830 uel
1431 766 1695 828 Eudoxi
1767 780 1832 828 et
1903 768 1966 828 in
2035 768 2295 847 pecoris
2352 766 2527 828 cultu
2576 767 2982 827 doctrinam

701 879 1006 941 k'htrunis
1073 897 1152 938 ac
1224 873 1665 954 Melampodis
1725 887 1793 935 et
1838 875 1903 935 in
1953 895 2259 955 agrorum
2306 874 2561 954 solique
2608 873 2982 935 molitione

721 984 1091 1066 l'riptolemi
1124 995 1235 1044 aut
1261 980 1550 1043 Aristaei
1578 982 2015 1062 prudentiam,
2040 981 2313 1044 multum
2333 993 2552 1043 tamen
2580 980 2984 1061 profecerit,
3009 1013 3040 1059 5

701 1096 752 1155 si
806 1113 925 1154 usu
972 1087 1342 1152 Tremelios
1382 1087 1835 1169 Sasernasque
1876 1102 1944 1150 et
1985 1088 2299 1152 Stolones
2329 1101 2592 1151 nostros
2623 1108 2978 1169 aequaue-

656 1219 674 1237 =
704 1204 800 1263 rit.
893 1208 1115 1278 potest
1184 1197 1360 1257 enim
1421 1215 1543 1257 nec
1589 1196 2017 1257 subtilissima
2064 1217 2187 1258 nec
2235 1217 2470 1270 rursus,
2520 1196 2695 1275 quod
2744 1197 2981 1267 aiunt,

704 1307 931 1389 pingui
980 1305 1277 1366 Minerua
1325 1323 1429 1364 res
1477 1304 1758 1382 agrestis
1805 1305 2264 1366 administrari.
2347 1324 2497 1365 nam
2530 1303 2686 1364 illud
2721 1302 2979 1382 procul

705 1436 862 1478 uero
930 1426 1052 1479 est,
1124 1411 1305 1493 quod
1377 1410 1670 1491 plerique
1717 1412 2160 1486 crediderunt,
2212 1409 2582 1473 facillimam
2629 1430 2781 1471 esse
2840 1430 2981 1471 nec

705 1523 893 1584 ullius
962 1520 1284 1582 acuminis
1353 1519 1864 1579 rusticationem.
1923 1519 2008 1580 de
2065 1521 2251 1580 cuius
2320 1520 2742 1581 uniuersitate
2797 1516 2978 1579 nihil
3007 1548 3066 1582 10

704 1630 959 1692 adtinet
994 1626 1180 1707 plura
1214 1644 1384 1687 nunc
1416 1625 1759 1700 disserere,
1794 1627 2104 1706 quoniam
2132 1625 2398 1706 quidem
2423 1638 2701 1688 cunctae
2728 1639 2977 1705 partes

705 1738 844 1798 eius
901 1734 1247 1796 destinatis
1293 1731 1543 1813 aliquot
1589 1732 2034 1795 uoluminibus
2082 1732 2517 1814 explicandae
2563 1744 2732 1804 sunt,
2786 1753 2974 1813 quas

705 1842 937 1904 urdine
1006 1861 1126 1901 suo
1193 1852 1349 1900 tunc
1411 1841 1676 1901 demum
1741 1861 2117 1921 persequar,
2164 1861 2313 1903 cum
2365 1839 2697 1920 praefatus
2746 1839 2973 1912 suer0,

706 1969 874 2030 quae
922 1968 1069 2009 reor
1115 1948 1199 2009 ad
1249 1948 1622 2008 uniuersam
1671 1947 2087 2028 disciplinam
2136 1949 2425 2009 maxime
2474 1948 2826 2027 pertinere.

855 2161 874 2193 1
919 2144 1252 2207 sagacitaoe'q.
1291 2147 1326 2193 S
1488 2162 1518 2194 a
1560 2148 1780 2196 metonis
1818 2149 1899 2196 uel
1933 2150 2190 2198 methonis
2226 2144 2279 2215 R}
2302 2151 2560 2199 mentonis
2584 2151 2800 2198 ΒΔυίὄ

708 2252 738 2296 3
766 2235 958 2298 eydoxi
983 2236 1022 2282 A
1170 2252 1200 2292 4
1228 2235 1439 2283 ebronis
1462 2237 1498 2293 (i
1522 2253 1589 2283 ss.
1620 2254 1690 2284 m.
1716 2238 1834 2294 κεί.)
1860 2241 1896 2288 Α
2044 2241 2328 2288 monitione
2351 2242 2524 2289 SAsifi
2667 2254 2697 2299 5
2723 2240 2972 2299 pruden-

708 2327 826 2373 tiam
855 2322 962 2372 SA&
1001 2324 1379 2385 prouidentiam
1403 2327 1463 2399 ‚R
1607 2330 1640 2374 6
1678 2330 1965 2376 tremellios
2002 2335 2045 2378 R
2084 2331 2277 2390 aliquot
2428 2331 2639 2376 solones
2664 2331 2698 2377 S
2732 2330 2777 2386 (t
2819 2344 2866 2375 s.
2908 2343 2972 2376 so

710 2433 777 2461 m.
819 2414 930 2463 rec.)
968 2415 1007 2461 A
1155 2414 1187 2460 8
1226 2415 1463 2474 aegrestiz
1502 2416 1553 2468 (a
1590 2431 1631 2463 s.
1669 2434 1715 2465 ae
1754 2434 1824 2464 m.
1866 2420 1977 2474 rec.)
2013 2421 2052 2467 A
2199 2420 2392 2472 illurn
2429 2420 2482 2466 in
2522 2419 2554 2465 d
2594 2413 2742 2477 mut)
2783 2421 2822 2465 S

707 2522 741 2566 9
779 2502 1020 2554 facillima
1058 2505 1092 2550 S
1268 2518 1323 2550 11
1366 2506 1547 2553 attinet
1584 2508 1703 2555 SAR
1870 2508 1958 2567 qffi
1996 2511 2030 2555 S
2075 2507 2180 2569 quo
2217 2510 2257 2556 A
2303 2524 2460 2568 quom
2500 2508 2580 2555 uel
2614 2523 2728 2555 cum
2773 2511 2822 2556 B

716 2611 774 2642 ια
814 2594 1022 2653 aliquod
1060 2595 1095 2641 S
1130 2594 1182 2650 (d
1219 2602 1328 2656 exp.
1368 2600 1416 2642 et
1449 2602 1470 2643 t
1505 2611 1574 2643 ss.
1614 2611 1685 2643 m.
1725 2606 1836 2648 rec.)
1873 2601 1910 2646 Α
