3109 5559
1930 210 2051 277 Rei
2080 211 2357 278 rusticae
2387 210 2500 277 lib.

631 419 638 457 t
780 385 986 454 leuiter
1023 388 1357 454 confracta
1394 388 1463 454 in
1502 387 1852 454 reticulum
1890 387 2203 454 iunceum
2240 402 2353 454 aut
2392 387 2518 454 lint·

693 519 742 555 10
776 492 884 559 olei
925 508 1122 581 atque
1166 495 1370 561 musti
1414 494 1869 581 prae<dictum
1911 495 2230 573 modum>
2277 494 2517 560 demitt

778 598 865 665 his
887 600 1303 686 portionibus
1329 615 1600 687 pensata
1624 604 1805 684 ea[t],
1836 623 2005 687 quae
2031 600 2202 667 infra
2228 600 2518 667 subicim'

775 707 1177 786 cardamomi,
1204 707 1653 793 xylobalsami,
1682 707 1942 773 corticis
1969 708 2051 774 de
2077 707 2314 794 palma,
2342 706 2516 773 faeni

776 813 1066 880 macerati
1097 827 1164 879 et
1195 828 1423 900 postea
1457 813 1679 880 siccati
1713 827 1911 899 atque
1945 813 2143 879 etiam
2176 813 2518 892 torrefacti,

774 918 956 985 etiam
988 919 1171 985 iridis
1202 919 1493 986 Graecae
1526 942 1648 986 nec
1678 920 1900 985 minus
1929 920 2108 986 anesi
2138 919 2467 1005 Aegyptii;
2500 943 2518 1005 1

683 1051 734 1099 15
776 1025 1279 1112 uniuscuiusque
1325 1025 1564 1092 libram
1607 1039 1674 1092 et
1720 1026 2173 1112 quadrantem,
2222 1041 2298 1093 ut
2343 1048 2518 1112 supra

772 1130 1009 1197 inclusa
1068 1132 1396 1200 demittito
1455 1146 1523 1199 et
1581 1146 1926 1199 metretam
1984 1132 2193 1212 linito;
2255 1146 2406 1219 post
2464 1154 2518 1198 se

768 1259 1014 1305 nonum
1050 1253 1309 1325 apertae
1345 1252 1678 1318 metretae,
1717 1239 1771 1304 si
1809 1239 1973 1325 quid
2009 1237 2208 1305 faecis
2242 1253 2355 1305 aut
2391 1261 2517 1326 spu

769 1342 1073 1424 haerebit,
1100 1367 1302 1411 manu
1324 1344 1595 1411 eximito
1618 1360 1684 1412 et
1708 1345 2047 1432 detergito,
2075 1344 2314 1411 deinde
2337 1345 2518 1411 oleut

767 1449 934 1517 uasis
962 1451 1320 1517 recondito.
1404 1471 1453 1533 3
1496 1474 1655 1518 mox
1681 1451 2028 1517 reticulum
2056 1451 2323 1518 eximito
2349 1466 2415 1518 et
2442 1474 2518 1516 ar·

665 1582 726 1619 20
766 1557 1193 1623 mundissime
1234 1557 1627 1624 contundite
1667 1558 1950 1644 tritaque
1991 1558 2059 1623 in
2101 1558 2379 1624 eandem
2421 1580 2518 1623 me

763 1663 1154 1730 tantundem
1210 1663 1356 1743 olei,
1417 1677 1743 1750 quantum
1799 1663 2000 1750 prius,
2060 1663 2393 1730 infundito
2449 1678 2515 1730 et

764 1770 1014 1854 ponito,
1054 1784 1204 1855 post
1239 1770 1600 1856 septimum
1637 1770 1815 1836 diem
1850 1770 2072 1836 oleum
2109 1770 2371 1856 depleto
2407 1783 2492 1848 et,

760 1876 985 1955 musti,
1021 1875 1236 1962 picato
1266 1875 1432 1942 cado
1462 1876 1824 1955 recondito;
1858 1898 2012 1942 nam
2043 1876 2112 1942 id
2143 1876 2198 1941 si
2230 1898 2364 1942 non
2395 1898 2518 1942 exa·

760 1995 906 2047 tum
939 1981 1206 2048 dabitur
1235 1983 1606 2068 potandum
1634 1980 1956 2048 inbecillis
1986 1982 2207 2048 bubus
2237 1996 2303 2048 et
2333 1995 2518 2048 ceter«

654 2115 715 2164 25
852 2089 1102 2155 Oleum
1138 2101 1360 2155 autem
1395 2088 1858 2154 secundarium
1896 2110 2029 2154 non
2066 2088 2358 2154 insuauis
2394 2089 2518 2154 odo

758 2195 1016 2261 tionem
1049 2193 1358 2280 praebere
1390 2195 1632 2281 poterit
1663 2193 1887 2260 dolore
1919 2216 2277 2261 neruorum
2307 2193 2518 2259 labora

614 2433 709 2512 54
754 2424 1044 2491 Oleum
1072 2422 1167 2489 ad
1195 2434 1567 2511 unguenta
1595 2422 1702 2490 sic
1730 2422 1951 2490 facito

847 2589 890 2630 ι
935 2568 1320 2651 Antequam
1353 2566 1529 2632 oliua
1564 2565 1904 2652 nigrescat,
1941 2587 2097 2632 cum
2131 2565 2421 2652 primum
2458 2565 2518 2630 d«

743 2695 875 2740 nec
915 2686 1144 2738 tamen
1181 2671 1398 2738 adhuc
1435 2672 1615 2737 uaria
1649 2672 1867 2750 fuerit,
1908 2671 2189 2737 maxime
2227 2671 2518 2737 Licinian

744 2779 1083 2867 Sergiam,
1117 2777 1172 2843 si
1205 2800 1326 2845 nec
1356 2778 1517 2844 haec
1546 2778 1766 2857 fuerit,
1799 2792 1959 2844 tunc
1992 2777 2397 2844 Culminiam
2427 2777 2516 2843 ba·

658 2917 687 2965 5
739 2901 811 2954 et
847 2885 1087 2952 statim
1120 2898 1465 2970 purgatam
1497 2883 1681 2970 prelo
1713 2884 2035 2970 integram
2068 2883 2350 2950 subicito
2382 2898 2448 2950 et
2480 2906 2516 2949 a

733 3014 782 3060 2
830 2990 1091 3059 deinde
1123 3012 1440 3077 suspensa
1473 2989 1648 3055 mola
1680 2989 1924 3057 oliuam
1956 2990 2239 3077 frangito
2271 3012 2512 3076 eamqu

729 3102 808 3167 in
868 3118 1065 3165 nouo
1117 3096 1278 3162 fisco
1330 3096 1591 3175 adicito,
1646 3096 2141 3182 subiectamque
2194 3096 2376 3183 prelo
2428 3096 2512 3162 sic

727 3207 1145 3291 intorqueas
1202 3203 1320 3269 sed
1378 3216 1638 3269 tantum
1695 3203 1902 3289 ipsius
1961 3202 2126 3288 preli
2183 3203 2475 3290 pondere

724 3309 1044 3399 exprimi
1069 3309 1352 3395 patiaris.
1381 3308 1642 3388 deinde,
1669 3331 1825 3376 cum
1849 3309 1943 3375 sic
1965 3308 2246 3388 fluxerit,
2275 3309 2508 3395 protim

599 3453 669 3489 10
717 3430 1020 3507 separet
1049 3430 1115 3482 et
1145 3415 1489 3500 diligenter
1517 3438 1816 3482 seorsum
1845 3414 1913 3481 in
1943 3437 2119 3480 noua
2148 3414 2326 3481 labra
2354 3430 2506 3482 tran:

716 3589 989 3634 contuse
1013 3573 1091 3625 A¹
1126 3600 1164 3610 -
1206 3588 1270 3625 10
1293 3584 1458 3638 atque
1480 3572 1520 3627 8
1542 3584 1638 3625 aut
1660 3589 1803 3637 quae
1824 3573 1929 3625 AR
1961 3599 1999 3609 -
2033 3573 2378 3636 praedictum
2399 3589 2504 3624 mo«

714 3665 974 3722 demitti
1013 3662 1229 3726 (pondo
1260 3662 1357 3714 de·
1387 3660 1480 3726 δ’)
1510 3661 1654 3714 SAR
1688 3689 1728 3699 -
1760 3662 1872 3714 sint
1896 3660 2024 3714 Ald.
2057 3662 2146 3714 sin
2175 3661 2318 3714 SAR
2352 3688 2390 3698 -
2431 3678 2488 3713 11

711 3766 1026 3824 pensatae
1066 3761 1232 3815 atque
1271 3750 1415 3803 SAR
1447 3777 1485 3787 -
1520 3751 1760 3803 calamus
1799 3751 1862 3803 8¹
1901 3751 2110 3802 calamo
2149 3749 2213 3802 S⁸
2245 3776 2284 3788 -
2318 3751 2502 3802 scohex

704 3839 1126 3912 xylobalsami
1159 3838 1287 3892 Ala.
1328 3840 1587 3892 cardamo
1623 3840 1797 3891 mixto
1835 3839 2064 3893 balsami
2100 3838 2243 3891 SAR
2277 3865 2317 3875 -
2351 3840 2484 3892 uino

706 3934 916 3990 iuneti
951 3929 1059 3983 SA
1092 3954 1131 3964 -·
1172 3929 1236 3980 16
1264 3928 1540 3981 demittite
1567 3928 1604 3981 fi
1630 3928 1895 3981 dimittito
1921 3927 2064 3980 SAR
2097 3954 2134 3964 -
2176 3941 2239 3991 17
2267 3939 2484 3992 apertae

700 4033 986 4081 metreta
1007 4017 1181 4070 S¹AR
1213 4044 1252 4053 -
1286 4018 1411 4082 quis
1429 4017 1521 4069 SA
1554 4043 1592 4053 -
1634 4033 1698 4080 19
1716 4018 1995 4070 recondita
2011 4016 2085 4069 Αι
2120 4043 2158 4053 -
2195 4033 2262 4070 22
2280 4016 2498 4069 oleoAl

699 4115 876 4171 SAR
901 4138 948 4149 —
975 4105 1218 4161 relicum
1241 4106 1282 4158 8
1303 4133 1341 4143 -
1364 4122 1429 4170 23
1457 4106 1694 4158 candore
1719 4107 1943 4159 condito
1966 4103 2190 4171 Αὴξίλσ
2212 4137 2249 4147 -
2271 4122 2496 4157 exacuet

694 4205 861 4262 cer-it
909 4193 1241 4260 Ah¹j²brry
1278 4195 1510 4247 exacerit
1542 4193 1593 4259 j¹
1633 4196 1897 4247 exauterit
1936 4194 1978 4247 λ
2016 4195 2339 4247 exacescerit
2377 4193 2446 4247 Β*
2479 4221 2494 4230 ·

691 4303 1058 4363 potantum
1080 4282 1439 4349 SAh¹imffiy
1459 4295 1711 4348 potatum
1733 4282 1808 4336 br
1841 4311 1879 4321 -
1914 4295 2096 4337 cetero
2117 4290 2176 4348 tc
2197 4296 2494 4336 ceterorum

685 4388 752 4443 Α
784 4374 1222 4451 quotidianam
1245 4372 1298 4424 R

773 4488 888 4542 54²
943 4485 970 4520 1
1005 4460 1372 4529 ριεΑΙιης,
1404 4487 1442 4497 -
1480 4461 2327 4527 2οοορετίιὸγηοοερὶι8ΑΒ
2359 4486 2398 4498 -
2432 4476 2469 4524 4

688 4556 983 4622 culmini
1022 4549 1160 4615 h²ty
1194 4577 1233 4587 -
1267 4567 1497 4602 manum
1524 4549 1565 4602 S
1599 4575 1636 4586 -
1673 4566 1702 4614 5
1734 4552 1923 4615 proclo
1952 4550 1992 4605 8
2025 4577 2063 4588 -
2098 4561 2221 4604 ante
2248 4552 2488 4615 integrm
