3109 5559
611 339 693 390 82
1208 351 1261 394 L.
1313 350 1440 393 ivm
1486 350 1814 395 nom-:nm
1860 351 2278 396 commuue
2346 324 2349 333 ’

607 524 678 572 et
746 530 898 574 eum
969 522 1110 572 tota
1181 509 1399 571 hieme
1468 520 1850 590 putrescere
1926 510 2145 585 sinito,
2225 511 2467 573 deinde
2545 510 2889 575 Kalendis

605 616 979 680 Februariis
1025 615 1376 696 diligenter
1422 617 1660 680 iterato
1705 628 1774 680 et
1820 615 2077 698 lapides
2123 637 2357 679 omnes
2402 616 2647 699 elegito
2694 617 2883 698 glae-

600 725 852 806 basque
913 722 1297 804 obstingito,
1370 736 1608 805 postea
1676 725 1851 786 circa
1903 724 2209 787 Martium
2255 744 2554 787 mensem
2601 727 2882 790 tertiato

601 844 668 894 et
739 843 999 893 occat0.
1094 849 1244 893 cum
1313 831 1411 894 sic
1479 844 1719 893 terram
1791 831 2157 912 subegeris,
2232 831 2300 894 in
2372 851 2625 894 morem
2693 832 2877 895 horti

602 959 792 1001 areas
860 937 1029 999 latas
1098 937 1341 1019 pedum
1400 939 1669 1010 denum,
1729 937 1967 1018 longas
2028 938 2272 1018 pedum
2321 939 2934 1020 quinquagenun15

599 1046 822 1121 facito,
875 1058 947 1107 ut
994 1065 1114 1126 per
1158 1046 1430 1108 semitas
1477 1065 1651 1127 aqua
1677 1047 2027 1108 ministrari
2062 1048 2276 1126 possit
2308 1046 2661 1129 aditusque
2695 1058 2870 1110 utra·

598 1175 732 1236 que
780 1164 971 1234 parte
1021 1153 1446 1215 runcantibus
1493 1164 1739 1233 pateat.
1820 1152 2063 1216 deinde
2111 1166 2303 1215 uetus
2348 1165 2603 1215 stercus
2635 1153 2872 1217 inicito

493 1277 571 1342 27
596 1273 796 1342 atque
870 1262 963 1324 ita
1030 1280 1257 1322 mense
1305 1259 1534 1323 ultimo
1583 1259 1796 1340 Aprili
1846 1261 2046 1324 serito
2095 1271 2372 1334 tantum,
2421 1271 2742 1341 quantum
2789 1273 2871 1323 ut

598 1368 838 1448 singuli
871 1367 1097 1448 cyathi
1128 1368 1400 1429 seminis
1432 1366 1651 1429 locum
1685 1379 2016 1448 occupent
2048 1368 2278 1430 decem
2313 1369 2560 1448 pedum
2587 1367 2867 1449 longum

598 1491 665 1538 et
730 1476 1023 1556 quinque
1087 1472 1310 1536 latum.
1352 1544 1357 1549 .
1405 1475 1584 1555 quod
1636 1474 1749 1537 ubi
1797 1474 2054 1547 seceriS‚
2104 1473 2340 1556 ligneis
2387 1476 2614 1538 rastris
2659 1508 2744 1518 -—
2794 1476 2864 1539 id
2897 1508 2963 1542 ιο

600 1584 777 1645 enim
812 1581 1088 1644 multum
1121 1580 1380 1643 confert
1404 1614 1494 1624 —
1524 1583 1748 1644 statim
1785 1582 1953 1644 iacta
1996 1582 2251 1644 semina
2282 1581 2673 1659 obruantur;
2708 1601 2864 1644 nam

599 1690 939 1752 celerrime
985 1687 1126 1751 sole
1174 1689 1555 1752 aduruntur.
1651 1700 1806 1769 post
1851 1690 2179 1752 sationem
2232 1687 2404 1751 ferro
2451 1690 2636 1770 tangi
2679 1689 2866 1751 locus

600 1818 732 1860 non
806 1796 1011 1859 debet
1081 1807 1300 1876 atque,
1372 1809 1443 1857 ut
1512 1796 1674 1871 dixi,
1748 1795 1983 1877 ligneis
2065 1797 2294 1859 rastris
2371 1797 2719 1859 sariendus
2795 1813 2864 1859 et

600 1903 964 1967 identidem
1028 1905 1403 1966 runcandus
1449 1915 1572 1978 est,
1622 1923 1708 1964 ne
1756 1903 2024 1966 alterius
2071 1904 2339 1984 generis
2385 1903 2591 1967 herba
2638 1905 2866 1967 inuali-

494 2015 575 2074 28
597 2014 751 2075 dam
802 2011 1131 2073 Medicam
1180 2022 1497 2090 peremat.
1564 2011 1814 2073 tardius
1861 2012 2130 2073 messim
2165 2011 2441 2091 primam
2470 2012 2612 2075 eius
2644 2011 2862 2075 facere
2889 2043 2907 2074 ι
2920 2042 2953 2089 5

597 2118 954 2201 oportebit,
989 2137 1139 2179 cum
1174 2119 1302 2179 iam
1336 2118 1663 2180 seminum
1699 2117 1986 2199 aliquam
2020 2130 2274 2200 partem
2309 2118 2595 2182 eiecerit.
2677 2134 2859 2201 post·

598 2247 679 2290 ea
747 2245 943 2308 quam
1012 2223 1196 2289 uoles
1257 2236 1575 2302 teneram,
1623 2245 1773 2288 cum
1823 2224 2213 2306 prosiluerit,
2263 2226 2540 2288 deseces
2589 2225 2743 2289 licet
2788 2243 2854 2292 et

596 2335 906 2396 iumentis
977 2333 1316 2414 praebeaS,
1388 2333 1510 2395 sed
1583 2334 1754 2395 inter
1798 2333 1987 2396 initia
2034 2333 2317 2414 parcius,
2367 2333 2525 2396 dum
2574 2353 2852 2398 consue·

596 2455 804 2516 scant,
875 2461 958 2502 ne
1030 2440 1289 2502 nouitas
1357 2440 1583 2521 pabuli
1656 2451 1923 2517 noceat;
1995 2439 2180 2503 inflat
2226 2442 2399 2503 enim
2457 2452 2526 2503 et
2572 2440 2849 2503 multum

596 2560 778 2611 creat
823 2550 1235 2627 sanguinem.
1313 2567 1463 2610 cum
1509 2548 1800 2610 secueris
1840 2558 2081 2622 autem,
2132 2548 2401 2628 saepius
2431 2566 2578 2610 eam
2612 2549 2941 2628 rigatam

598 2675 848 2737 paucos
917 2654 1160 2716 deinde
1231 2669 1381 2735 post
1452 2654 1616 2724 dies.
1690 2654 1800 2716 ubi
1871 2655 2166 2736 coeperit
2236 2655 2560 2730 fruticare,
2633 2658 2853 2718 omnis

597 2762 864 2824 alterius
932 2762 1195 2842 generis
1262 2760 1501 2823 herbas
1560 2774 1893 2824 eruncato.
1988 2763 2084 2824 sic
2133 2762 2309 2825 culta
2356 2762 2626 2824 sexiens
2673 2783 2851 2825 anno

597 2870 845 2932 demeti
894 2870 1137 2947 poterit
1183 2879 1251 2931 et
1299 2868 1716 2950 permanebit
1764 2870 1954 2931 annis
2001 2870 2253 2933 decem.

494 2994 577 3056 29
775 2976 1006 3039 Viciae
1066 2988 1287 3038 autem
1352 2977 1525 3039 duae
1594 2976 1889 3038 sationes
1934 2988 2116 3039 sunt:
2167 2977 2397 3058 prima,
2447 2997 2578 3060 qua
2625 2977 2848 3059 pabuli

597 3104 797 3146 causa
842 3085 1015 3147 circa
1064 3083 1549 3163 aequinoctium
1584 3082 1959 3145 autumnale
1989 3084 2266 3146 serimus
2295 3097 2554 3164 septem
2591 3085 2854 3147 modios
2873 3108 2943 3155 ος,

598 3192 739 3253 eius
804 3192 868 3252 in
940 3211 1138 3252 unum
1208 3191 1527 3271 iugerum,
1600 3189 1912 3263 secunda,
1970 3210 2099 3271 qua
2144 3211 2269 3252 sex
2315 3192 2578 3254 modios
2624 3211 2851 3254 mense

599 3299 902 3361 Ianuario
973 3296 1075 3359 uel
1147 3300 1344 3359 etiam
1416 3298 1627 3359 serius
1694 3298 1970 3359 iacimus
2038 3299 2270 3359 semini
2322 3300 2848 3380 progenerando.

782 3475 802 3507 ι
847 3468 958 3508 toto
994 3462 1030 3508 S
1174 3457 1237 3508 kt
1272 3459 1549 3507 februariis
1587 3461 1622 3508 S
1657 3444 1728 3507 1ιῖ
1762 3457 1851 3507 seb
1895 3461 1933 3508 A
1987 3444 2056 3507 ki
2096 3458 2201 3518 (uel
2222 3456 2470 3518 kl)febr.
2499 3458 2601 3518 (uel
2623 3460 2854 3519 februa.)

600 3553 642 3598 lt
787 3566 818 3597 2
840 3549 1017 3612 eligito
1052 3551 1175 3598 SAR
1320 3562 1352 3608 3
1391 3548 1673 3610 obfringito
1699 3550 1734 3596 d
1768 3548 2036 3612 effringito
2060 3550 2182 3598 SAR
2310 3548 2449 3597 masst
2475 3551 2513 3598 A
2641 3548 2674 3597 8
2701 3551 2853 3612 aprili

597 3641 711 3699 sAp
747 3639 927 3700 aprilis
964 3640 1046 3687 ue!
1077 3639 1207 3700 apri.
1245 3643 1289 3688 Β
1509 3650 1541 3698 9
1584 3639 1766 3686 decem
1804 3641 1840 3687 S
1877 3639 1927 3686 X
1963 3638 2065 3695 (em
2103 3655 2167 3685 ss.
2211 3655 2281 3686 m.
2320 3637 2442 3697 net.)
2476 3641 2517 3689 A
2556 3637 2605 3687 X
2642 3644 2687 3689 Β

605 3740 666 3789 13
704 3728 1010 3777 sarciendus
1045 3731 1091 3777 Β
1128 3728 1322 3794 aliquot
1478 3743 1538 3787 14
1580 3728 1883 3776 runcundus
1918 3726 2014 3783 (alt
2067 3743 2099 3775 u
2138 3730 2191 3775 in
2229 3743 2260 3776 a
2298 3744 2423 3776 corr.
2464 3744 2533 3775 m.
2573 3727 2694 3786 net.)
2716 3730 2856 3779 Bru·

599 3820 797 3867 candus
832 3818 885 3876 (n
922 3835 963 3866 s.
1004 3834 1067 3866 uc
1104 3833 1199 3866 scr.
1240 3834 1309 3865 m.
1348 3817 1466 3875 rec)
1501 3820 1542 3866 A
1687 3816 1852 3865 herb}
1887 3819 1928 3865 A
2079 3831 2139 3879 15
2175 3828 2362 3881 ,pemat
2397 3820 2438 3866 A
2472 3828 2712 3879 peremat
2743 3820 2854 3876 (alt.

600 3924 629 3957 e
669 3912 722 3956 in
756 3925 776 3970 J
818 3914 945 3957 mut.
983 3925 1055 3959 m.
1096 3907 1205 3967 alt.)
1239 3909 1273 3958 8
1319 3907 1541 3968 perimat
1577 3912 1621 3957 Β
1781 3922 2007 3955 messem
2047 3909 2225 3956 bimi
2375 3906 2436 3955 16
2474 3906 2696 3973 aliquam
2737 3923 2850 3969 par-

596 4009 700 4046 tem
733 4005 851 4062 pose
882 3998 1187 4060 prosiluerit
1223 4003 1369 4061 repet.
1407 3998 1452 4046 R.
1487 3996 1609 4053 (exc.
1648 3992 1757 4055 (νε)
1937 4013 1997 4057 17
2037 4006 2092 4046 et
2127 4012 2231 4045 om.
2270 4000 2345 4057 Ap
2542 3996 2602 4045 18
2640 3998 2852 4058 parcius

600 4089 757 4137 unet
792 4088 993 4149 partius
1026 4090 1107 4136 SR
1250 4100 1321 4136 20
1360 4094 1544 4149 rogato
1581 4082 1682 4150 (pr.
1721 4101 1755 4134 o
1791 4095 1900 4149 exp.
1940 4092 1987 4133 et
2021 4087 2129 4134 iss.
2158 4101 2211 4132 m
2255 4086 2370 4144 rec.)
2395 4088 2433 4135 A
2581 4101 2643 4133 οι
2673 4087 2850 4135 fructi·

598 4177 761 4226 ficare
796 4180 881 4228 ΑΒ
1024 4193 1093 4225 22
1129 4178 1308 4226 sexies
1345 4178 1395 4225 in
1434 4192 1573 4224 anno
1611 4181 1654 4226 Β
1690 4177 1887 4238 aliquot
2027 4187 2096 4237 23
2151 4176 2331 4224 decem
2370 4178 2404 4224 8
2477 4174 2604 4224 X‘m
2638 4178 2681 4224 A
2719 4176 2771 4224 Χ
2806 4178 2851 4226 Β

743 4283 811 4327 24
850 4266 1006 4316 uitine
1042 4270 1083 4315 A
1227 4283 1331 4328 qua
1371 4265 1623 4315 Ursinus.-
1659 4266 1764 4332 qu}
1798 4269 1872 4316 SA
1910 4282 2062 4332 quam
2100 4271 2144 4316 Β
2175 4267 2399 4332 plerique
2541 4280 2611 4329 25
2651 4281 2849 4328 seram;

600 4360 634 4405 A
783 4364 988 4418 septem
1026 4359 1062 4405 S
1099 4357 1264 4406 ῚΙΙΙσπι
1303 4359 1341 4406 A
1381 4356 1471 4405 vn
1508 4361 1552 4405 Β
1698 4366 1762 4416 27
1804 4371 1956 4404 serus
1992 4357 2029 4411 (i
2064 4373 2105 4404 s·
2147 4372 2207 4405 ru
2245 4371 2340 4402 scr.
2380 4372 2452 4403 m.
2490 4355 2611 4417 net.)
2649 4358 2688 4406 A
