3109 5559
1108 336 1205 378 REI
1252 335 1562 378 RVSTICAE
1608 335 1723 379 ΗΒ.
1773 336 1789 378 l
1828 347 2014 383 PRABF.
2643 333 2685 395 9

425 497 825 576 quaesierat,
889 508 957 557 et
1022 515 1108 557 ne
1172 493 1467 576 singulos
1544 496 2011 576 intempestiue
2078 516 2249 557 nunc
2299 516 2679 577 persequar,

426 623 569 665 cum
649 616 752 666 tot
809 602 974 665 alios
1024 602 1305 664 Romani
1353 603 1616 683 generis
1664 603 1920 664 intuear
1968 602 2431 665 memorabiles
2476 604 2683 664 duces

426 711 548 773 hoc
621 730 891 791 semper
959 708 1208 791 duplici
1272 710 1493 772 studio
1566 708 1866 772 floruisse
1937 709 2041 772 uel
2112 710 2515 773 defendendi
2574 709 2680 772 uel

424 817 688 879 colendi
741 818 991 898 patrios
1037 818 1457 898 quaesitosue
1506 816 1675 893 finis»,
1725 816 2040 899 intellego
2088 816 2382 880 luxuriae
2430 827 2497 879 et
2529 818 2682 879 deli·

375 926 537 1004 5ciis
588 926 842 987 nostris
889 925 1230 1005 pristinum
1282 944 1531 987 morem
1579 923 1962 1006 uirilemque
2010 925 2213 987 uitam
2246 923 2678 1007 displicuisse.
2715 942 2786 1005 15

423 1053 659 1095 omnes
708 1034 907 1106 enim,
956 1032 1127 1095 sicut
1174 1031 1262 1093 M.
1314 1032 1528 1094 Varro
1577 1033 1704 1094 iam
1753 1032 2164 1113 temporibus
2212 1052 2487 1094 auorum
2531 1053 2680 1095 con·

422 1152 704 1221 questus
775 1153 896 1213 est,
970 1151 1192 1220 patres
1259 1138 1541 1202 familiae
1612 1138 1775 1202 falce
1836 1150 1904 1202 et
1963 1153 2180 1202 aratro
2228 1141 2466 1203 relictis
2515 1142 2681 1203 intra

423 1267 685 1309 murum
760 1249 1200 1329 correpsimus
1270 1260 1338 1309 et
1409 1248 1471 1309 in
1532 1247 1723 1309 circis
1771 1248 1991 1328 potius
2039 1267 2116 1309 ac
2163 1248 2436 1311 theatris
2482 1268 2678 1329 quam

422 1355 483 1416 in
532 1354 883 1436 segetibus
930 1375 1008 1417 ac
1049 1356 1259 1417 uineis
1289 1374 1524 1417 manus
1557 1374 1900 1416 monemus
1932 1355 2342 1436 adtonitique
2377 1355 2682 1417 miramur

344 1494 399 1526 ιο
419 1475 652 1542 gestus
715 1462 1260 1536 effeminatorum,
1310 1463 1493 1543 quod
1544 1482 1583 1523 a
1632 1475 1862 1523 natura
1907 1481 2144 1523 sexum
2194 1462 2350 1524 uiris
2395 1460 2681 1542 denega·

422 1585 555 1631 tum
633 1568 937 1632 muliebri
1011 1580 1194 1632 motu
1264 1571 1664 1632 mentiantur
1710 1569 2177 1650 decipiantque
2224 1567 2453 1630 oculos
2498 1589 2680 1649 spec·

424 1679 735 1739 tantium.
830 1696 990 1739 mox
1060 1678 1320 1748 deinde,
1393 1688 1466 1738 ut
1533 1678 1671 1758 apti
1742 1677 2083 1739 ueniamus
2129 1676 2215 1737 ad
2262 1695 2529 1756 ganeas,
2579 1677 2794 1737 co·16

422 1786 747 1847 tidianam
806 1785 1197 1846 cruditatem
1244 1783 1515 1847 lactucis
1561 1786 1995 1866 excoquimus
2042 1797 2110 1846 et
2155 1795 2393 1846 exusto
2439 1783 2681 1847 sudore

418 1894 595 1954 sitim
657 1893 1036 1973 quaerimus
1091 1902 1454 1973 noctesque
1502 1890 1882 1954 libidinibus
1928 1903 1996 1953 et
2042 1891 2489 1966 ebrietatibus,
2540 1893 2682 1954 dies

340 2027 393 2079 ¹5
417 1998 577 2061 ludo
652 1997 757 2060 uel
830 2019 1066 2060 somno
1137 2000 1605 2073 consumimus,
1677 2019 1756 2061 ac
1826 2010 2088 2061 nosmet
2153 1999 2335 2079 ipsos
2381 1999 2681 2061 ducimus

418 2107 814 2180 fortunatos,
863 2108 1045 2188 quod
1094 2126 1234 2169 nec
1280 2109 1664 2169 orientem
1713 2105 1955 2169 solem
2005 2106 2343 2168 uidimus
2392 2125 2532 2167 nec
2565 2125 2680 2168 oc·

417 2215 838 2276 cidentem.
910 2215 1133 2295 itaque
1179 2215 1371 2277 istam
1421 2215 1623 2275 uitam
1669 2215 2020 2276 socordem
2063 2214 2475 2295 persequitur
2506 2213 2679 2275 uale·
2712 2230 2786 2292 17

422 2322 606 2383 tud0.
710 2341 863 2382 nam
934 2321 1029 2383 sic
1099 2322 1407 2383 iuuenum
1480 2340 1760 2402 corpora
1829 2320 2006 2383 fluxa
2053 2333 2122 2384 et
2170 2320 2455 2383 resoluta
2501 2334 2679 2390 sunt,

422 2441 493 2491 ut
542 2428 710 2491 nihil
767 2448 944 2489 mors
991 2439 1318 2490 mutatura
1367 2430 1684 2492 uideatur.
1758 2442 1826 2491 at
1874 2449 1979 2491 me
2027 2428 2325 2491 hercules
2371 2448 2527 2490 uera
2575 2427 2680 2490 illa

336 2535 692 2602 20Romuli
760 2535 979 2616 proles
1048 2536 1343 2599 adsiduis
1418 2538 1768 2599 uenatibus
1838 2556 1960 2598 nec
2030 2537 2246 2598 minus
2311 2535 2681 2616 agrestibus

419 2644 743 2725 operibus
814 2643 1178 2706 exercitata
1258 2643 1647 2706 firmissimis
1715 2643 2076 2724 praeualuit
2145 2643 2533 2725 corporibus
2602 2662 2681 2704 ac

418 2750 727 2813 militiam
798 2749 969 2826 belli,
1044 2770 1192 2812 cum
1256 2771 1360 2812 res
1418 2750 1801 2832 postulauit,
1852 2749 2043 2813 facile
2089 2752 2398 2813 sustinuit
2445 2751 2678 2812 durata

417 2860 605 2937 pacis
656 2857 996 2920 laboribus
1042 2877 1436 2940 semperque
1486 2860 1794 2921 rusticam
1844 2857 2103 2939 plebem
2155 2858 2538 2940 praeposuit
2583 2877 2678 2918 ur·

224 2943 233 3034 Ι
416 2966 657 3027 banae.
757 2975 826 3026 ut
892 2965 1067 3026 enim
1130 2966 1240 3046 qui
1288 2965 1353 3027 in
1404 2965 1572 3027 uillis
1620 2967 1788 3027 intra
1835 2976 2200 3046 consaepta
2249 2975 2675 3038 morarentur,

332 3105 395 3151 25
415 3093 618 3152 quam
696 3073 809 3153 qui
881 3072 1038 3134 foris
1086 3082 1322 3135 terram
1371 3072 1773 3147 molirentur,
1825 3073 2201 3153 iguauiores
2249 3072 2533 3138 habitos.
2581 3072 2677 3133 sic

415 3200 553 3252 eos,
607 3181 724 3260 qui
756 3179 881 3241 sub
915 3178 1147 3241 umbra
1180 3179 1465 3241 ciuitatis
1498 3181 1668 3241 intra
1700 3180 1963 3242 moenia
1996 3179 2260 3242 desides
2292 3192 2677 3240 cunctaren-

599 3447 631 3489 4
675 3429 797 3478 finis
823 3434 865 3478 Β
891 3430 942 3487 (e
967 3445 1007 3477 s.
1030 3439 1112 3493 pr.
1140 3431 1155 3478 i
1182 3446 1253 3477 m.
1281 3429 1394 3488 rec.)
1417 3432 1452 3478 S
1477 3430 1612 3478 fines
1637 3432 1676 3478 A
1831 3429 2061 3492 intelligo
2089 3434 2131 3478 Β
2288 3430 2477 3479 delitiis
2502 3431 2537 3478 8

220 3545 227 3556 -
412 3523 445 3567 6
473 3519 525 3568 ffi
552 3534 721 3568 uarro
746 3521 782 3568 8
902 3536 929 3580 7
958 3519 1121 3581 patris
1146 3534 1181 3580 p
1203 3520 1255 3577 (e
1290 3535 1333 3568 s.
1361 3520 1375 3568 i
1403 3535 1473 3567 m.
1502 3520 1615 3574 alt.)
1641 3521 1675 3568 8
1784 3534 1818 3578 9
1845 3535 1904 3567 sc
1931 3520 2119 3568 uinetis
2145 3521 2338 3569 saltus
2357 3535 2427 3566 m.
2450 3536 2542 3566 rec.
2565 3521 2618 3567 in
2639 3523 2676 3568 A

216 3583 227 3690 ἰ
413 3619 465 3657 et
503 3610 705 3657 uinetis
742 3601 827 3658 ιδ’
973 3609 1279 3670 attonitique
1316 3611 1436 3659 ΒΔΒ
1590 3624 1651 3657 ιο
1691 3624 1882 3658 esness
1919 3611 1953 3658 8
2098 3610 2452 3670 quotidianam
2491 3611 2536 3658 Β

419 3713 481 3758 ¹3
520 3698 749 3747 lactucis
775 3701 849 3759 Ap
884 3699 1083 3748 lacticis
1108 3700 1143 3748 S
1168 3699 1374 3748 lsttucis
1399 3694 1457 3747 (1²
1483 3699 1668 3748 istucis
1693 3700 1795 3748 ωδ
1819 3699 1997 3747 lstutis
2022 3695 2076 3747 δι
2103 3700 2270 3748 laticis
2295 3700 2334 3748 k
2360 3700 2607 3747 laconicis
2634 3703 2677 3748 Β

409 3789 469 3842 (s.
498 3805 551 3835 u.
580 3789 669 3836 uel
693 3789 748 3835 in
774 3803 944 3851 marg.
970 3790 1126 3837 citium
1152 3790 1273 3844 du)
1403 3788 1789 3849 exquoquirnus
1814 3790 2064 3837 Ssdklns
2197 3804 2215 3836 ι
2228 3804 2258 3849 5
2286 3790 2433 3849 ipsos
2458 3804 2519 3836 ex
2536 3789 2676 3837 issos

212 3913 223 3956 ι
412 3879 465 3924 in
486 3892 593 3924 ras.
617 3882 681 3924 ut
700 3876 806 3924 uid.
817 3874 1024 3938 factum
1043 3879 1078 3927 S
1193 3881 1257 3927 16
1282 3877 1410 3925 Cato
1430 3886 1515 3940 ap.
1537 3877 1660 3925 δικ.
1680 3887 1755 3941 ep.
1776 3876 1897 3933 122,
1917 3894 1947 3930 2
2054 3878 2291 3927 uidemus
2311 3880 2384 3927 SA
2404 3878 2516 3935 (sed
2533 3878 2674 3926 uide·

412 3973 530 4015 runt
569 3965 702 4015 Seu.
740 3966 774 4013 l.
801 3965 857 4022 l.)
1006 3982 1068 4026 17
1097 3968 1332 4016 ualitudo
1355 3972 1397 4016 Β
1422 3968 1620 4029 aliquot
1746 3970 1809 4016 18
1837 3969 2066 4016 resolata
2092 3971 2145 4024 (u
2171 3984 2213 4016 s.
2235 3976 2317 4030 pr.
2345 3983 2373 4015 ι
2401 3983 2470 4015 m.
2499 3963 2612 4028 rec.)
2636 3970 2675 4016 A

543 4071 611 4116 ¹9
640 4071 790 4104 mors
815 4058 1066 4105 omissum
1090 4072 1161 4105 ss.
1188 4073 1257 4105 m.
1281 4065 1363 4120 pr.
1385 4059 1419 4104 S
1528 4072 1589 4104 ac
1615 4073 1676 4105 ex
1699 4057 1763 4104 sd
1790 4058 1844 4105 in
1872 4073 1975 4105 ras.
1993 4054 2121 4118 fact.
2143 4060 2177 4107 8
2285 4058 2612 4106 mehercules
2635 4061 2677 4105 Β

412 4147 778 4194 meherculem
805 4159 841 4194 a
864 4148 1165 4196 mehercule
1190 4149 1310 4197 blm
1336 4148 1582 4196 hercules
1608 4142 1745 4196 SAd¹
1893 4162 1961 4194 ao
1987 4147 2214 4196 assiduis
2241 4151 2283 4195 Β
2416 4163 2482 4207 24
2511 4147 2598 4207 qui
2625 4148 2676 4195 in

411 4235 549 4283 uillis
588 4236 639 4283 Β
679 4249 783 4298 ειυς
816 4234 969 4295 (quse
1006 4239 1104 4285 Ad)
1142 4237 1335 4286 inutilis
1360 4232 1525 4286 ssd²s
1559 4238 1647 4297 qui
1672 4237 1724 4285 in
1744 4232 1815 4297 ΙΙΙ
1836 4237 1975 4285 utilis
2001 4253 2033 4286 o
2058 4250 2159 4297 que
2183 4231 2218 4296 (i
2244 4233 2334 4294 ss.)
2360 4237 2410 4285 in
2436 4237 2554 4285 uilis
2580 4250 2615 4295 p
2640 4252 2678 4301 q

410 4325 608 4373 inutilis
638 4324 781 4372 uillis
806 4325 841 4371 ἰ
864 4324 949 4385 qui
976 4325 1026 4373 in
1052 4325 1189 4374 uillis
1214 4326 1423 4376 inutiles
1443 4329 1477 4374 b
1503 4326 1639 4376 uillis
1665 4325 1874 4375 inutiles
1897 4341 1908 4373 ε
1930 4341 1969 4390 q
1989 4329 2021 4375 ii
2150 4341 2217 4386 25
2245 4326 2527 4388 ignauioris
2544 4330 2676 4386 sptil
