3109 5559
416 242 538 313 128
666 241 746 307 L.
781 237 933 306 Iuni
963 234 1297 303 Moderati
1327 233 1737 301 Columellas

412 424 543 490 iam
572 419 809 487 idonea
835 429 954 494 est,
986 436 1067 481 ex
1095 435 1176 480 eo
1203 426 1502 498 tempore
1530 411 1855 492 autumni,
1889 434 2025 498 quo
2051 425 2224 478 terra
2251 411 2578 478 imbribus
2606 433 2878 498 perma-

412 527 649 605 duerit,
677 544 889 610 usque
916 522 985 587 in
1012 542 1296 587 uernum
1320 532 1607 605 tempus,
1638 532 1992 606 antequam
2019 519 2203 585 radix
2228 518 2393 585 ulmi
2421 518 2491 584 in
2517 518 2877 585 eximendo

296 654 363 718 ος
411 634 788 709 delibretur,
822 642 995 695 recte
1023 627 1279 693 seritur.

499 761 584 805 ro
630 738 723 822 [in
748 739 845 820 se]
875 736 959 801 In
982 733 1268 800 resoluta
1290 747 1462 800 terra
1485 746 1752 800 ternum
1776 732 2028 820 pedum
2053 754 2559 820 quoquouersus
2582 732 2876 799 faciendi

411 846 696 923 scrobes3
746 856 812 909 at
859 842 928 907 in
980 839 1182 906 densa
1227 839 1394 906 sulci
1441 839 1740 906 eiusdem
1788 840 2152 907 altitudinis
2199 853 2266 906 et
2314 838 2697 919 latitudinis,
2750 839 2877 925 qui

412 954 677 1022 arbores
730 947 1152 1034 recipia<n>t,
1210 947 1661 1033 praeparandi.
1720 947 1815 1013 sic
1870 945 2110 1012 deinde
2163 945 2235 1012 in
2289 946 2430 1013 solo
2486 946 2746 1013 roscido
2801 960 2879 1013 et

414 1059 733 1129 nebuloso
779 1053 1219 1121 conserendae
1264 1066 1420 1119 sunt
1465 1053 1652 1134 ulmi,
1700 1067 1777 1120 ut
1821 1075 2049 1119 earum
2093 1053 2259 1119 rami
2304 1052 2390 1119 ad
2435 1052 2757 1120 orientem
2800 1067 2880 1120 et

298 1200 369 1251 ⁷0
410 1164 821 1235 occidentem
853 1159 1250 1246 derigantur,
1288 1182 1425 1246 quo
1456 1160 1609 1246 plus
1639 1160 1796 1227 solis
1826 1160 2082 1227 mediae
2114 1159 2399 1240 arbores,
2434 1159 2681 1247 quibus
2712 1159 2877 1225 uitis

412 1272 734 1361 applicata
780 1280 847 1333 et
894 1266 1162 1352 religata
1208 1267 1530 1347 innititur,
1584 1266 1925 1353 accipiant.
2016 1287 2099 1330 rr
2143 1267 2328 1353 quod
2375 1267 2431 1333 si
2479 1266 2678 1333 etiam
2725 1266 2876 1332 fru-

412 1377 653 1448 mentis
691 1373 1132 1452 consulemus,
1176 1373 1366 1439 uberi
1404 1374 1546 1440 solo
1588 1374 1759 1440 inter
1797 1373 2231 1461 quadraginta
2268 1374 2491 1460 pedes,
2534 1373 2706 1452 exili,
2748 1372 2879 1440 ubi

414 1484 578 1555 nihil
617 1481 875 1559 seritur,
917 1480 1088 1546 inter
1127 1479 1383 1566 uiginti,
1427 1481 1694 1547 arbores
1734 1481 2187 1567 disponantur.
2232 1501 2389 1547 cum
2429 1479 2667 1546 deinde
2707 1480 2877 1545 ado-

413 1594 652 1661 lescere
683 1586 1106 1674 incipie<n>t,
1139 1585 1305 1653 falce
1337 1587 1803 1667 formanda<e>
1838 1600 1904 1653 et
1935 1587 2227 1654 tabulata
2255 1586 2660 1654 instituenda
2688 1600 2874 1653 sunt.

296 1732 363 1783 75
411 1700 538 1767 hoc
583 1695 763 1762 enim
807 1693 1075 1760 nomine
1106 1707 1429 1780 usurpant
1458 1693 1775 1780 agricolae
1807 1715 2024 1759 ramos
2052 1697 2376 1777 trunco[s]
2409 1693 2875 1780 prominentis,

409 1824 654 1890 eosque
691 1800 800 1867 uel
837 1821 1006 1886 prop
1014 1800 1202 1883 [r]ius
1237 1800 1413 1866 ferro
1448 1814 1856 1887 conpescunt
1892 1800 2000 1866 uel
2037 1800 2298 1886 longius
2334 1799 2750 1886 promittunt,
2789 1814 2878 1867 ut

410 1912 581 1979 uites
609 1906 818 1974 laxius
846 1906 1321 1973 diffundantur:
1353 1906 1481 1973 hoc
1508 1907 1580 1973 in
1609 1907 1750 1974 solo
1779 1907 2011 1994 pingui
2039 1907 2296 1987 melius,
2328 1906 2494 1973 illud
2523 1906 2593 1971 in
2621 1906 2874 1993 gracili.

411 2038 495 2084 ra
536 2013 827 2083 tabulata
862 2013 1034 2078 inter
1069 2035 1138 2079 se
1176 2036 1260 2079 ne
1297 2014 1520 2080 minus
1553 2014 1760 2081 ternis
1796 2013 2080 2100 pedibus
2116 2014 2335 2081 absint
2370 2027 2569 2100 atque
2604 2013 2694 2079 ita
2728 2012 2877 2079 for-

410 2135 694 2200 mentur,
739 2142 824 2186 ne
864 2121 1163 2206 superior
1203 2143 1425 2187 ramus
1464 2121 1535 2187 in
1575 2120 1808 2187 eadem
1848 2121 2019 2187 linea
2058 2121 2162 2201 sit,
2207 2142 2342 2208 qua
2379 2120 2669 2201 inferior;
2712 2141 2881 2188 nam

298 2248 369 2303 80
413 2228 776 2297 demissum
806 2249 887 2292 ex
919 2248 1000 2293 eo
1031 2226 1370 2313 palmitem
1401 2228 1881 2314 germinantem
1913 2227 2184 2294 inferior
2214 2241 2447 2294 atteret
2477 2241 2544 2293 et
2575 2226 2880 2295 fructum

415 2333 721 2404 decutiet.

495 2441 629 2507 Sed
662 2462 1151 2527 quamcumque
1185 2441 1488 2508 arborem
1518 2442 1787 2522 seueris,
1822 2463 1969 2508 eam
2001 2441 2271 2508 biennio
2302 2441 2605 2527 proximo
2637 2454 2879 2527 putare

411 2571 548 2616 non
572 2560 852 2634 oportet.
881 2561 1032 2633 post
1058 2547 1316 2627 deinde,
1345 2548 1401 2614 si
1424 2547 1648 2615 ulmus
1671 2548 1984 2635 exiguum
2007 2549 2491 2614 incrementum
2520 2547 2877 2634 (ceperit),

412 2676 621 2722 uerno
678 2667 996 2739 tempore,
1061 2669 1416 2741 antequam
1475 2655 1722 2721 librum
1782 2654 2089 2735 demittit,
2152 2654 2711 2722 decacuminanda
2766 2670 2880 2722 est

295 2780 361 2844 85
409 2763 590 2830 iuxta
614 2761 966 2839 ramulum,
998 2761 1116 2847 qui
1141 2761 1478 2828 uidebitur
1504 2783 1646 2828 esse
1673 2762 2128 2842 nitidissimus,
2159 2762 2248 2827 ita
2273 2775 2517 2842 tamen,
2547 2761 2646 2828 uti
2671 2782 2883 2847 supra

410 2889 566 2935 eum
597 2881 834 2933 trunco
842 2871 961 2952 [m]
996 2868 1271 2954 stirpem
1304 2869 1759 2935 dodrantalem
1791 2869 2142 2955 relinquas,
2178 2868 2264 2935 ad
2295 2890 2500 2955 quam
2533 2869 2769 2934 ductus
2806 2882 2882 2935 et

409 2973 775 3060 adplicatus
815 2995 1036 3040 ramus
1076 2975 1399 3061 adligetur
1437 2989 1503 3041 et
1543 2990 1885 3062 correptus
1924 2996 2242 3042 cacumen
2281 2974 2499 3042 arbori
2540 2974 2877 3061 praebeat.

413 3101 495 3162 13
541 3079 781 3145 deinde
818 3081 1093 3167 stirpem
1130 3095 1282 3168 post
1318 3103 1571 3148 annum
1610 3082 1898 3169 praecidi
1935 3096 2001 3148 et
2038 3081 2328 3149 adleuari
2363 3095 2645 3168 oportet.
2686 3083 2880 3167 quod

410 3187 465 3253 si
492 3185 752 3252 nullum
776 3187 1107 3254 ramulum
1130 3188 1326 3255 arbor
1349 3188 1752 3269 id<on>eum
1775 3188 2098 3268 habuerit,
2127 3202 2226 3254 sat
2250 3188 2373 3255 erit
2397 3210 2644 3255 nouem
2668 3187 2882 3273 pedes

296 3325 369 3377 ⁹0
411 3316 449 3360 a
482 3307 654 3360 terra
688 3292 971 3380 relinqui
1005 3308 1072 3360 et
1106 3295 1513 3381 superiorem
1547 3309 1803 3382 partem
1839 3295 2230 3375 detruncari,
2269 3308 2345 3361 ut
2379 3316 2591 3361 nouae
2624 3294 2879 3380 uirgae,

413 3446 506 3487 tur
532 3432 890 3499 SAh¹jmffio
917 3436 1185 3488 arraditur
1210 3435 1254 3488 b
1281 3436 1634 3490 abblanditur
1657 3452 1725 3501 rc
1752 3436 2064 3489 ablanditur
2090 3452 2130 3501 y
2163 3462 2203 3473 -
2236 3436 2303 3501 63
2333 3437 2445 3489 iam
2471 3449 2547 3502 γι·
2571 3452 2702 3489 nam
2727 3435 2883 3490 SAR

413 3551 452 3561 -
487 3523 1056 3592 66inseSARom.Y
1090 3551 1129 3561 -
1164 3524 1969 3591 67atjboadSAachautm
2003 3552 2042 3562 -
2077 3525 2696 3578 etlatitudinisom.AR
2728 3551 2767 3562 -
2804 3526 2881 3579 68

416 3612 682 3676 recipiant
712 3626 754 3679 Y
781 3614 982 3677 respiat
1009 3614 1049 3666 S
1077 3615 1329 3680 respiciat
1355 3615 1460 3667 AR
1493 3641 1532 3651 -
1566 3615 1646 3667 sic
1672 3615 1712 3667 S
1738 3616 1838 3668 sed
1864 3615 1969 3667 AR
2001 3641 2040 3651 -
2074 3615 2251 3667 roscio
2279 3614 2371 3667 SA
2403 3641 2442 3652 -
2476 3615 2547 3679 69
2575 3614 2881 3668 nebulosae

412 3702 507 3755 SA
541 3726 580 3738 -
614 3702 897 3755 eorums¹
932 3730 969 3740 -
1005 3704 1536 3769 7odiriganturAR
1568 3731 1607 3740 —
1643 3704 2012 3768 72intraAR
2044 3730 2083 3741 -
2117 3703 2880 3771 exiliYexibiSmpexhibi

413 3791 583 3855 (-beri
618 3791 676 3854 c)
710 3790 1012 3857 Ahjbryco
1045 3820 1084 3829 —
1119 3806 1189 3858 74
1224 3794 1489 3858 incipient
1523 3806 1611 3859 Yp
1645 3793 1870 3858 incipiet
1903 3793 2046 3846 SAR
2080 3820 2118 3830 -
2153 3794 2472 3846 formandae
2506 3806 2549 3860 Y
2583 3792 2881 3847 formanda

410 3879 557 3933 SAR
590 3905 630 3916 -
666 3893 732 3945 75
762 3891 961 3934 “unco
984 3881 1114 3934 Αἶά.
1146 3894 1370 3935 truncos
1397 3882 1489 3934 SA
1516 3893 1853 3948 truncosque
1877 3883 1932 3935 R
1965 3909 2004 3919 -
2037 3882 2400 3947 prominentis
2429 3895 2472 3949 Y
2499 3882 2879 3948 promittentia

410 3968 555 4021 SAR
591 3996 629 4005 -
664 3971 734 4034 76
766 3971 997 4035 propius
1026 3969 1238 4038 chbp
1267 3972 1524 4037 proprius
1554 3972 1698 4025 SAR
1732 3999 1770 4008 -
1804 3982 2144 4037 conpescunt
2175 3989 2274 4024 om.
2306 3972 2381 4024 A¹
2416 3998 2455 4009 -
2489 3972 2559 4036 78
2589 3972 2878 4025 tabunlata

408 4057 486 4111 Αι
525 4084 564 4094 ·-
597 4075 656 4110 se
679 4076 749 4111 ne
770 4061 956 4112 minus
973 4060 1100 4113 Αἶά.
1125 4078 1185 4113 se
1206 4061 1253 4113 si
1274 4062 1460 4114 minus
1482 4061 1522 4113 S
1541 4061 1846 4114 seminibus
1868 4061 1943 4113 A¹
1964 4078 2024 4113 se
2045 4060 2230 4114 minus
2251 4061 2379 4113 A'R
2412 4087 2452 4098 -
2485 4074 2555 4125 79
2578 4077 2750 4126 quam
2769 4061 2878 4114 AR

408 4173 448 4184 -
484 4147 550 4211 83
573 4149 780 4212 ceperit
799 4149 989 4202 addidi
1006 4150 1199 4214 recipit
1218 4150 1341 4203 add.
1360 4150 1510 4214 Ala„
1532 4167 1632 4203 om.
1655 4150 1798 4203 SAR
1832 4177 1870 4186 -
1906 4150 1976 4215 84
1996 4150 2169 4203 demit
2189 4151 2294 4203 AR
2325 4176 2365 4187 -
2400 4151 2466 4215 85
2491 4151 2763 4203 ramulam
2782 4150 2878 4203 SA

411 4253 631 4289 ramum
668 4236 710 4288 λ
744 4265 783 4274 -
818 4256 997 4291 essem
1032 4239 1336 4292 tidissimus
1373 4238 1436 4292 8ι
1469 4266 1508 4275 -
1543 4238 1889 4293 nitidissimis
1925 4239 2000 4291 A²
2034 4266 2074 4276 -
2108 4239 2177 4293 86
2213 4249 2411 4292 trunco
2442 4238 2572 4292 Ala.
2610 4250 2876 4292 trunctrm

410 4324 553 4377 SAR
588 4353 627 4362 —
665 4327 1046 4379 dodrantalem
1091 4327 1218 4380 Αἶά.
1274 4328 1601 4381 dodrantem
1653 4328 1736 4382 Sb
1787 4329 2277 4381 drodamtranitem
2326 4329 2379 4381 A
2429 4329 2876 4381 dodrantanitem

409 4411 627 4481 hmtpo
663 4416 1122 4469 dodrantanidem
1151 4416 1177 4482 j
1215 4418 1637 4470 dodrantantem
1675 4433 1715 4482 y
1751 4418 2182 4470 dodrantaneam
2216 4434 2251 4482 c
2285 4443 2325 4454 -
2358 4418 2430 4470 ad
2466 4434 2638 4481 quam
2668 4416 2876 4488 svm

411 4517 612 4556 «mnam
647 4503 998 4570 S²Ah¹jnyo
1032 4533 1070 4542 -
1105 4506 1305 4559 ductus
1340 4520 1383 4574 Y
1417 4507 1647 4560 dubitus
1680 4507 1823 4560 SAR
1858 4534 1897 4545 -
1932 4507 2000 4559 88
2035 4507 2277 4584 praedici
2310 4506 2449 4559 S¹A¹
2483 4533 2522 4543 -
2557 4506 2628 4571 89
2662 4508 2875 4560 nullam

619 4591 788 4660 ntpy¹
822 4620 860 4630 -
895 4594 1056 4647 arbor
1101 4595 1364 4648 idoneum
1410 4609 1532 4662 ch
1577 4596 1759 4649 arbori
1804 4597 1972 4649 deum
2017 4596 2185 4649 S¹AR
2228 4595 2392 4649 arbor
2435 4596 2585 4649 idem
2630 4596 2696 4649 S¹
2729 4623 2768 4634 -
2802 4612 2867 4660 9¹
