<?xml version="1.0" encoding="UTF-8"?>
<!DOCTYPE html PUBLIC "-//W3C//DTD XHTML 1.0 Transitional//EN"
    "http://www.w3.org/TR/xhtml1/DTD/xhtml1-transitional.dtd">
<html xmlns="http://www.w3.org/1999/xhtml" xml:lang="en" lang="en">
 <head>
  <title>
</title>
<meta http-equiv="Content-Type" content="text/html;charset=utf-8" />
  <meta name='ocr-system' content='tesseract 3.04.00' />
  <meta name='ocr-capabilities' content='ocr_page ocr_carea ocr_par ocr_line ocrx_word'/>
</head>
<body>
  <div class='ocr_page' id='page_1' title='image "./operaquaeexstan00hedbgoog_0690.png"; bbox 0 0 3109 5559; ppageno 0'>
   <div class='ocr_carea' id='block_1_1' title="bbox 295 535 361 585">
    <p class='ocr_par' dir='ltr' id='par_1_1' title="bbox 295 535 361 585">
     <span class='ocr_line' id='line_1_1' title="bbox 295 535 361 585; baseline 0 0"><span class='ocrx_word' id='word_1_1' title='bbox 295 535 361 585; x_wconf 76' lang='lat'>55</span> 
     </span>
    </p>
   </div>
   <div class='ocr_carea' id='block_1_2' title="bbox 291 2130 364 2181">
    <p class='ocr_par' dir='ltr' id='par_1_2' title="bbox 291 2130 364 2181">
     <span class='ocr_line' id='line_1_2' title="bbox 291 2130 364 2181; baseline 0 -13"><span class='ocrx_word' id='word_1_2' title='bbox 291 2130 364 2181; x_wconf 83' lang='lat'>70</span> 
     </span>
    </p>
   </div>
   <div class='ocr_carea' id='block_1_3' title="bbox 408 222 1694 290">
    <p class='ocr_par' dir='ltr' id='par_1_3' title="bbox 408 222 1694 290">
     <span class='ocr_line' id='line_1_3' title="bbox 408 222 1694 290; baseline 0 0"><span class='ocrx_word' id='word_1_3' title='bbox 408 243 493 290; x_wconf 86' lang='lat'>20</span> <span class='ocrx_word' id='word_1_4' title='bbox 624 222 702 288; x_wconf 91' lang='lat' dir='ltr'>L.</span> <span class='ocrx_word' id='word_1_5' title='bbox 739 222 892 288; x_wconf 91' lang='lat' dir='ltr'>Iuni</span> <span class='ocrx_word' id='word_1_6' title='bbox 921 222 1256 289; x_wconf 84' lang='lat' dir='ltr'>Moderati</span> <span class='ocrx_word' id='word_1_7' title='bbox 1287 223 1694 290; x_wconf 75' lang='lat' dir='ltr'>Columellas</span> 
     </span>
    </p>
   </div>
   <div class='ocr_carea' id='block_1_4' title="bbox 406 399 2891 2616">
    <p class='ocr_par' dir='ltr' id='par_1_4' title="bbox 406 399 2891 2616">
     <span class='ocr_line' id='line_1_4' title="bbox 408 399 2889 487; baseline 0.002 -22"><span class='ocrx_word' id='word_1_8' title='bbox 408 420 656 479; x_wconf 91' lang='lat' dir='ltr'>curare;</span> <span class='ocrx_word' id='word_1_9' title='bbox 692 399 1152 466; x_wconf 86' lang='lat' dir='ltr'>ualitudinaria</span> <span class='ocrx_word' id='word_1_10' title='bbox 1183 422 1472 487; x_wconf 91' lang='lat' dir='ltr'>quoque,</span> <span class='ocrx_word' id='word_1_11' title='bbox 1509 400 1617 466; x_wconf 94' lang='lat' dir='ltr'>uel</span> <span class='ocrx_word' id='word_1_12' title='bbox 1650 401 1707 467; x_wconf 90' lang='lat' dir='ltr'>si</span> <span class='ocrx_word' id='word_1_13' title='bbox 1739 414 1979 467; x_wconf 89' lang='lat' dir='ltr'>uacent</span> <span class='ocrx_word' id='word_1_14' title='bbox 2008 400 2093 467; x_wconf 92' lang='lat' dir='ltr'>ab</span> <span class='ocrx_word' id='word_1_15' title='bbox 2126 400 2471 481; x_wconf 89' lang='lat' dir='ltr'>inbecillis,</span> <span class='ocrx_word' id='word_1_16' title='bbox 2507 401 2889 470; x_wconf 86' lang='lat' dir='ltr'><strong>identidem</strong></span> 
     </span>
     <span class='ocr_line' id='line_1_5' title="bbox 409 506 2891 595; baseline 0.002 -24"><span class='ocrx_word' id='word_1_17' title='bbox 409 506 658 593; x_wconf 89' lang='lat' dir='ltr'>aperire</span> <span class='ocrx_word' id='word_1_18' title='bbox 682 520 747 572; x_wconf 91' lang='lat' dir='ltr'>et</span> <span class='ocrx_word' id='word_1_19' title='bbox 771 506 1187 573; x_wconf 76' lang='lat' dir='ltr'>inmunditiis</span> <span class='ocrx_word' id='word_1_20' title='bbox 1210 506 1504 587; x_wconf 89' lang='lat' dir='ltr'>liberare,</span> <span class='ocrx_word' id='word_1_21' title='bbox 1531 521 1627 586; x_wconf 92' lang='lat' dir='ltr'>ut,</span> <span class='ocrx_word' id='word_1_22' title='bbox 1654 530 1810 574; x_wconf 89' lang='lat' dir='ltr'>cum</span> <span class='ocrx_word' id='word_1_23' title='bbox 1834 529 1939 573; x_wconf 83' lang='lat' dir='ltr'>res</span> <span class='ocrx_word' id='word_1_24' title='bbox 1960 509 2265 595; x_wconf 83' lang='lat' dir='ltr'>exegerit,</span> <span class='ocrx_word' id='word_1_25' title='bbox 2292 508 2463 575; x_wconf 92' lang='lat' dir='ltr'>bene</span> <span class='ocrx_word' id='word_1_26' title='bbox 2485 508 2797 576; x_wconf 87' lang='lat' dir='ltr'>ordinata</span> <span class='ocrx_word' id='word_1_27' title='bbox 2819 524 2891 577; x_wconf 91' lang='lat' dir='ltr'>et</span> 
     </span>
     <span class='ocr_line' id='line_1_6' title="bbox 410 612 2888 702; baseline 0.002 -24"><span class='ocrx_word' id='word_1_28' title='bbox 410 612 696 678; x_wconf 90' lang='lat' dir='ltr'>salubria</span> <span class='ocrx_word' id='word_1_29' title='bbox 738 613 1201 699; x_wconf 86' lang='lat' dir='ltr'>languentibus</span> <span class='ocrx_word' id='word_1_30' title='bbox 1243 614 1702 700; x_wconf 87' lang='lat' dir='ltr'>praebeantur;</span> <span class='ocrx_word' id='word_1_31' title='bbox 1788 635 1833 696; x_wconf 87' lang='lat'>9</span> <span class='ocrx_word' id='word_1_32' title='bbox 1875 615 2127 701; x_wconf 90' lang='lat' dir='ltr'>promis</span> <span class='ocrx_word' id='word_1_33' title='bbox 2171 637 2441 702; x_wconf 91' lang='lat' dir='ltr'>quoque</span> <span class='ocrx_word' id='word_1_34' title='bbox 2484 629 2553 682; x_wconf 92' lang='lat' dir='ltr'>et</span> <span class='ocrx_word' id='word_1_35' title='bbox 2594 616 2888 684; x_wconf 88' lang='lat' dir='ltr'>cellariis</span> 
     </span>
     <span class='ocr_line' id='line_1_7' title="bbox 410 719 2889 806; baseline 0.002 -22"><span class='ocrx_word' id='word_1_36' title='bbox 410 719 660 806; x_wconf 89' lang='lat' dir='ltr'>aliquid</span> <span class='ocrx_word' id='word_1_37' title='bbox 701 719 1193 786; x_wconf 89' lang='lat' dir='ltr'>attendentibus</span> <span class='ocrx_word' id='word_1_38' title='bbox 1233 733 1345 785; x_wconf 91' lang='lat' dir='ltr'>aut</span> <span class='ocrx_word' id='word_1_39' title='bbox 1387 720 1838 787; x_wconf 90' lang='lat' dir='ltr'>metuentibus</span> <span class='ocrx_word' id='word_1_40' title='bbox 1878 721 2296 800; x_wconf 88' lang='lat' dir='ltr'>interuenire,</span> <span class='ocrx_word' id='word_1_41' title='bbox 2343 744 2465 788; x_wconf 91' lang='lat' dir='ltr'>nec</span> <span class='ocrx_word' id='word_1_42' title='bbox 2504 722 2735 788; x_wconf 89' lang='lat' dir='ltr'>minus</span> <span class='ocrx_word' id='word_1_43' title='bbox 2779 724 2889 790; x_wconf 92' lang='lat' dir='ltr'>in-</span> 
     </span>
     <span class='ocr_line' id='line_1_8' title="bbox 410 825 2889 914; baseline 0.002 -22"><span class='ocrx_word' id='word_1_44' title='bbox 410 839 652 892; x_wconf 68' lang='lat' dir='ltr'>teresse</span> <span class='ocrx_word' id='word_1_45' title='bbox 702 825 1074 913; x_wconf 83' lang='lat' dir='ltr'>pastoribus</span> <span class='ocrx_word' id='word_1_46' title='bbox 1122 826 1194 891; x_wconf 91' lang='lat' dir='ltr'>in</span> <span class='ocrx_word' id='word_1_47' title='bbox 1243 826 1518 893; x_wconf 90' lang='lat' dir='ltr'>stabulis</span> <span class='ocrx_word' id='word_1_48' title='bbox 1567 825 1862 893; x_wconf 87' lang='lat' dir='ltr'>fructum</span> <span class='ocrx_word' id='word_1_49' title='bbox 1910 828 2301 914; x_wconf 83' lang='lat' dir='ltr'>cogentibus</span> <span class='ocrx_word' id='word_1_50' title='bbox 2351 842 2464 895; x_wconf 90' lang='lat' dir='ltr'>aut</span> <span class='ocrx_word' id='word_1_51' title='bbox 2519 832 2645 912; x_wconf 93' lang='lat' dir='ltr'>[ut]</span> <span class='ocrx_word' id='word_1_52' title='bbox 2699 829 2889 896; x_wconf 86' lang='lat' dir='ltr'>fetus</span> 
     </span>
     <span class='ocr_line' id='line_1_9' title="bbox 409 931 2889 1018; baseline 0.002 -21"><span class='ocrx_word' id='word_1_53' title='bbox 409 931 641 998; x_wconf 90' lang='lat' dir='ltr'>ouium</span> <span class='ocrx_word' id='word_1_54' title='bbox 688 932 1046 998; x_wconf 84' lang='lat' dir='ltr'>aliarumue</span> <span class='ocrx_word' id='word_1_55' title='bbox 1094 932 1430 1018; x_wconf 83' lang='lat' dir='ltr'>pecudum</span> <span class='ocrx_word' id='word_1_56' title='bbox 1476 932 2046 1013; x_wconf 77' lang='lat' dir='ltr'>subrumantibus3</span> <span class='ocrx_word' id='word_1_57' title='bbox 2094 935 2387 1000; x_wconf 83' lang='lat' dir='ltr'>tonsuris</span> <span class='ocrx_word' id='word_1_58' title='bbox 2434 956 2594 1001; x_wconf 88' lang='lat' dir='ltr'>uero</span> <span class='ocrx_word' id='word_1_59' title='bbox 2645 957 2889 1002; x_wconf 63' lang='lat' dir='ltr'>esrum</span> 
     </span>
     <span class='ocr_line' id='line_1_10' title="bbox 408 1038 2890 1126; baseline 0.002 -23"><span class='ocrx_word' id='word_1_60' title='bbox 408 1038 639 1125; x_wconf 92' lang='lat' dir='ltr'>utique</span> <span class='ocrx_word' id='word_1_61' title='bbox 668 1038 979 1104; x_wconf 87' lang='lat' dir='ltr'>interesse</span> <span class='ocrx_word' id='word_1_62' title='bbox 1006 1052 1073 1105; x_wconf 94' lang='lat' dir='ltr'>et</span> <span class='ocrx_word' id='word_1_63' title='bbox 1099 1038 1278 1104; x_wconf 87' lang='lat' dir='ltr'>lanas</span> <span class='ocrx_word' id='word_1_64' title='bbox 1306 1039 1651 1126; x_wconf 85' lang='lat' dir='ltr'>diligenter</span> <span class='ocrx_word' id='word_1_65' title='bbox 1678 1040 2014 1126; x_wconf 88' lang='lat' dir='ltr'>percipere</span> <span class='ocrx_word' id='word_1_66' title='bbox 2041 1054 2109 1106; x_wconf 93' lang='lat' dir='ltr'>et</span> <span class='ocrx_word' id='word_1_67' title='bbox 2136 1039 2378 1106; x_wconf 89' lang='lat' dir='ltr'>uellera</span> <span class='ocrx_word' id='word_1_68' title='bbox 2404 1042 2490 1106; x_wconf 90' lang='lat' dir='ltr'>ad</span> <span class='ocrx_word' id='word_1_69' title='bbox 2514 1063 2890 1108; x_wconf 88' lang='lat' dir='ltr'>numerum</span> 
     </span>
     <span class='ocr_line' id='line_1_11' title="bbox 408 1145 2888 1235; baseline 0.001 -24"><span class='ocrx_word' id='word_1_70' title='bbox 408 1145 663 1231; x_wconf 89' lang='lat' dir='ltr'>pecoris</span> <span class='ocrx_word' id='word_1_71' title='bbox 696 1167 1052 1225; x_wconf 87' lang='lat' dir='ltr'>recensere;</span> <span class='ocrx_word' id='word_1_72' title='bbox 1085 1160 1234 1213; x_wconf 90' lang='lat' dir='ltr'>tum</span> <span class='ocrx_word' id='word_1_73' title='bbox 1266 1146 1567 1212; x_wconf 87' lang='lat' dir='ltr'>insistere</span> <span class='ocrx_word' id='word_1_74' title='bbox 1599 1146 2012 1227; x_wconf 89' lang='lat' dir='ltr'>atriensibus,</span> <span class='ocrx_word' id='word_1_75' title='bbox 2050 1161 2126 1213; x_wconf 92' lang='lat' dir='ltr'>ut</span> <span class='ocrx_word' id='word_1_76' title='bbox 2158 1147 2637 1234; x_wconf 87' lang='lat' dir='ltr'>supellectilem</span> <span class='ocrx_word' id='word_1_77' title='bbox 2668 1170 2888 1235; x_wconf 83' lang='lat' dir='ltr'>expo-</span> 
     </span>
     <span class='ocr_line' id='line_1_12' title="bbox 409 1252 2885 1340; baseline 0.001 -22"><span class='ocrx_word' id='word_1_78' title='bbox 409 1265 589 1331; x_wconf 80' lang='lat' dir='ltr'>nant3</span> <span class='ocrx_word' id='word_1_79' title='bbox 639 1265 704 1318; x_wconf 89' lang='lat' dir='ltr'>et</span> <span class='ocrx_word' id='word_1_80' title='bbox 753 1267 1123 1319; x_wconf 89' lang='lat' dir='ltr'>aeramenta</span> <span class='ocrx_word' id='word_1_81' title='bbox 1170 1252 1426 1319; x_wconf 89' lang='lat' dir='ltr'>detersa</span> <span class='ocrx_word' id='word_1_82' title='bbox 1472 1253 1840 1319; x_wconf 89' lang='lat' dir='ltr'>nitidentur</span> <span class='ocrx_word' id='word_1_83' title='bbox 1886 1267 2084 1340; x_wconf 89' lang='lat' dir='ltr'>atque</span> <span class='ocrx_word' id='word_1_84' title='bbox 2134 1253 2437 1340; x_wconf 87' lang='lat' dir='ltr'>rubigine</span> <span class='ocrx_word' id='word_1_85' title='bbox 2485 1253 2885 1336; x_wconf 83' lang='lat' dir='ltr'>liberentur,</span> 
     </span>
     <span class='ocr_line' id='line_1_13' title="bbox 408 1358 2891 1445; baseline 0.001 -20"><span class='ocrx_word' id='word_1_86' title='bbox 408 1371 773 1445; x_wconf 90' lang='lat' dir='ltr'>ceteraque,</span> <span class='ocrx_word' id='word_1_87' title='bbox 806 1380 975 1445; x_wconf 86' lang='lat' dir='ltr'>quae</span> <span class='ocrx_word' id='word_1_88' title='bbox 1004 1358 1430 1425; x_wconf 89' lang='lat' dir='ltr'>refectionem</span> <span class='ocrx_word' id='word_1_89' title='bbox 1460 1359 1859 1439; x_wconf 89' lang='lat' dir='ltr'>desiderant,</span> <span class='ocrx_word' id='word_1_90' title='bbox 1892 1358 2096 1426; x_wconf 87' lang='lat' dir='ltr'>fabris</span> <span class='ocrx_word' id='word_1_91' title='bbox 2123 1361 2580 1426; x_wconf 88' lang='lat' dir='ltr'>concinnanda</span> <span class='ocrx_word' id='word_1_92' title='bbox 2605 1362 2891 1428; x_wconf 87' lang='lat' dir='ltr'>tradan-</span> 
     </span>
     <span class='ocr_line' id='line_1_14' title="bbox 406 1464 2889 1551; baseline 0.001 -20"><span class='ocrx_word' id='word_1_93' title='bbox 406 1477 536 1531; x_wconf 88' lang='lat' dir='ltr'>tur.</span> <span class='ocrx_word' id='word_1_94' title='bbox 629 1485 712 1528; x_wconf 80' lang='grc' dir='ltr'>ιο</span> <span class='ocrx_word' id='word_1_95' title='bbox 755 1478 1109 1551; x_wconf 87' lang='lat' dir='ltr'>postremo,</span> <span class='ocrx_word' id='word_1_96' title='bbox 1146 1464 1250 1530; x_wconf 91' lang='lat' dir='ltr'>his</span> <span class='ocrx_word' id='word_1_97' title='bbox 1283 1464 1481 1531; x_wconf 89' lang='lat' dir='ltr'>rebus</span> <span class='ocrx_word' id='word_1_98' title='bbox 1514 1464 1828 1531; x_wconf 90' lang='lat' dir='ltr'>omnibus</span> <span class='ocrx_word' id='word_1_99' title='bbox 1860 1466 2255 1545; x_wconf 85' lang='lat' dir='ltr'>constitutis,</span> <span class='ocrx_word' id='word_1_100' title='bbox 2293 1465 2458 1532; x_wconf 87' lang='lat' dir='ltr'>nihil</span> <span class='ocrx_word' id='word_1_101' title='bbox 2490 1465 2665 1533; x_wconf 89' lang='lat' dir='ltr'>hanc</span> <span class='ocrx_word' id='word_1_102' title='bbox 2696 1468 2889 1535; x_wconf 88' lang='lat' dir='ltr'>arbi-</span> 
     </span>
     <span class='ocr_line' id='line_1_15' title="bbox 407 1570 2891 1659; baseline 0.002 -23"><span class='ocrx_word' id='word_1_103' title='bbox 407 1584 545 1637; x_wconf 91' lang='lat' dir='ltr'>tror</span> <span class='ocrx_word' id='word_1_104' title='bbox 574 1570 1107 1637; x_wconf 88' lang='lat' dir='ltr'>distributionem</span> <span class='ocrx_word' id='word_1_105' title='bbox 1138 1570 1576 1658; x_wconf 88' lang='lat' dir='ltr'>profuturam,</span> <span class='ocrx_word' id='word_1_106' title='bbox 1610 1571 1756 1651; x_wconf 91' lang='lat' dir='ltr'>nisi,</span> <span class='ocrx_word' id='word_1_107' title='bbox 1790 1584 1866 1637; x_wconf 92' lang='lat' dir='ltr'>ut</span> <span class='ocrx_word' id='word_1_108' title='bbox 1894 1571 2027 1638; x_wconf 89' lang='lat' dir='ltr'>iam</span> <span class='ocrx_word' id='word_1_109' title='bbox 2058 1571 2214 1652; x_wconf 82' lang='lat' dir='ltr'>dixi,</span> <span class='ocrx_word' id='word_1_110' title='bbox 2248 1572 2486 1638; x_wconf 88' lang='lat' dir='ltr'>uilicus</span> <span class='ocrx_word' id='word_1_111' title='bbox 2514 1573 2785 1659; x_wconf 87' lang='lat' dir='ltr'>saepius</span> <span class='ocrx_word' id='word_1_112' title='bbox 2814 1590 2891 1642; x_wconf 89' lang='lat' dir='ltr'>et</span> 
     </span>
     <span class='ocr_line' id='line_1_16' title="bbox 407 1676 2886 1764; baseline 0.002 -22"><span class='ocrx_word' id='word_1_113' title='bbox 407 1676 762 1764; x_wconf 89' lang='lat' dir='ltr'>aliquando</span> <span class='ocrx_word' id='word_1_114' title='bbox 799 1691 1022 1744; x_wconf 88' lang='lat' dir='ltr'>tamen</span> <span class='ocrx_word' id='word_1_115' title='bbox 1060 1677 1372 1744; x_wconf 90' lang='lat' dir='ltr'>dominus</span> <span class='ocrx_word' id='word_1_116' title='bbox 1409 1692 1523 1745; x_wconf 94' lang='lat' dir='ltr'>aut</span> <span class='ocrx_word' id='word_1_117' title='bbox 1562 1692 1862 1744; x_wconf 88' lang='lat' dir='ltr'>matrona</span> <span class='ocrx_word' id='word_1_118' title='bbox 1898 1678 2412 1744; x_wconf 84' lang='lat' dir='ltr'>considerauerit</span> <span class='ocrx_word' id='word_1_119' title='bbox 2449 1678 2886 1747; x_wconf 88' lang='lat' dir='ltr'>animaduer-</span> 
     </span>
     <span class='ocr_line' id='line_1_17' title="bbox 406 1783 2888 1871; baseline 0.001 -21"><span class='ocrx_word' id='word_1_120' title='bbox 406 1783 711 1869; x_wconf 89' lang='lat' dir='ltr'>teritque,</span> <span class='ocrx_word' id='word_1_121' title='bbox 763 1797 838 1849; x_wconf 93' lang='lat' dir='ltr'>ut</span> <span class='ocrx_word' id='word_1_122' title='bbox 884 1783 1210 1850; x_wconf 89' lang='lat' dir='ltr'>ordinatio</span> <span class='ocrx_word' id='word_1_123' title='bbox 1256 1783 1556 1850; x_wconf 89' lang='lat' dir='ltr'>instituta</span> <span class='ocrx_word' id='word_1_124' title='bbox 1604 1799 2051 1851; x_wconf 88' lang='lat' dir='ltr'>conseruetur.</span> <span class='ocrx_word' id='word_1_125' title='bbox 2105 1785 2289 1871; x_wconf 94' lang='lat' dir='ltr'>quod</span> <span class='ocrx_word' id='word_1_126' title='bbox 2336 1784 2535 1850; x_wconf 87' lang='lat' dir='ltr'>etiam</span> <span class='ocrx_word' id='word_1_127' title='bbox 2583 1785 2656 1850; x_wconf 89' lang='lat' dir='ltr'>in</span> <span class='ocrx_word' id='word_1_128' title='bbox 2705 1786 2888 1853; x_wconf 89' lang='lat' dir='ltr'>bene</span> 
     </span>
     <span class='ocr_line' id='line_1_18' title="bbox 412 1888 2890 1978; baseline 0.002 -23"><span class='ocrx_word' id='word_1_129' title='bbox 412 1890 682 1955; x_wconf 88' lang='lat' dir='ltr'>moratis</span> <span class='ocrx_word' id='word_1_130' title='bbox 733 1888 1112 1956; x_wconf 91' lang='lat' dir='ltr'>ciuitatibus</span> <span class='ocrx_word' id='word_1_131' title='bbox 1163 1912 1425 1977; x_wconf 88' lang='lat' dir='ltr'>semper</span> <span class='ocrx_word' id='word_1_132' title='bbox 1475 1904 1576 1957; x_wconf 90' lang='lat' dir='ltr'>est</span> <span class='ocrx_word' id='word_1_133' title='bbox 1627 1890 2074 1970; x_wconf 89' lang='lat' dir='ltr'>obseruatum,</span> <span class='ocrx_word' id='word_1_134' title='bbox 2131 1913 2415 1978; x_wconf 90' lang='lat' dir='ltr'>quarum</span> <span class='ocrx_word' id='word_1_135' title='bbox 2467 1891 2890 1977; x_wconf 90' lang='lat' dir='ltr'>primoribus</span> 
     </span>
     <span class='ocr_line' id='line_1_19' title="bbox 407 1996 2887 2083; baseline 0.001 -22"><span class='ocrx_word' id='word_1_136' title='bbox 407 2009 605 2082; x_wconf 90' lang='lat' dir='ltr'>atque</span> <span class='ocrx_word' id='word_1_137' title='bbox 627 1996 1058 2082; x_wconf 80' lang='lat' dir='ltr'>optimatibus</span> <span class='ocrx_word' id='word_1_138' title='bbox 1079 2018 1217 2063; x_wconf 90' lang='lat' dir='ltr'>non</span> <span class='ocrx_word' id='word_1_139' title='bbox 1239 1996 1395 2062; x_wconf 90' lang='lat' dir='ltr'>satis</span> <span class='ocrx_word' id='word_1_140' title='bbox 1418 1996 1640 2063; x_wconf 90' lang='lat' dir='ltr'>uisum</span> <span class='ocrx_word' id='word_1_141' title='bbox 1661 2010 1761 2063; x_wconf 89' lang='lat' dir='ltr'>est</span> <span class='ocrx_word' id='word_1_142' title='bbox 1783 1996 1991 2063; x_wconf 88' lang='lat' dir='ltr'>bonas</span> <span class='ocrx_word' id='word_1_143' title='bbox 2013 1996 2189 2083; x_wconf 88' lang='lat' dir='ltr'>leges</span> <span class='ocrx_word' id='word_1_144' title='bbox 2210 1996 2473 2076; x_wconf 87' lang='lat' dir='ltr'>habere,</span> <span class='ocrx_word' id='word_1_145' title='bbox 2498 1997 2629 2063; x_wconf 90' lang='lat' dir='ltr'>nisi</span> <span class='ocrx_word' id='word_1_146' title='bbox 2650 2013 2887 2064; x_wconf 92' lang='lat' dir='ltr'>custo-</span> 
     </span>
     <span class='ocr_line' id='line_1_20' title="bbox 407 2102 2886 2195; baseline 0.002 -27"><span class='ocrx_word' id='word_1_147' title='bbox 407 2102 525 2169; x_wconf 89' lang='lat' dir='ltr'>des</span> <span class='ocrx_word' id='word_1_148' title='bbox 585 2124 813 2169; x_wconf 89' lang='lat' dir='ltr'>earum</span> <span class='ocrx_word' id='word_1_149' title='bbox 869 2102 1403 2189; x_wconf 86' lang='lat' dir='ltr'>diligentissimos</span> <span class='ocrx_word' id='word_1_150' title='bbox 1459 2103 1640 2169; x_wconf 90' lang='lat' dir='ltr'>ciues</span> <span class='ocrx_word' id='word_1_151' title='bbox 1700 2109 2126 2183; x_wconf 81' lang='lat' dir='ltr'>(creassent),</span> <span class='ocrx_word' id='word_1_152' title='bbox 2183 2126 2353 2190; x_wconf 94' lang='lat' dir='ltr'>quos</span> <span class='ocrx_word' id='word_1_153' title='bbox 2397 2103 2639 2170; x_wconf 89' lang='lat' dir='ltr'>Graeci</span> <span class='ocrx_word' id='word_1_154' title='bbox 2679 2134 2886 2195; x_wconf 84' lang='grc' dir='ltr'><strong>νομο-</strong></span> 
     </span>
     <span class='ocr_line' id='line_1_21' title="bbox 409 2209 2885 2300; baseline 0.001 -26"><span class='ocrx_word' id='word_1_155' title='bbox 409 2215 698 2300; x_wconf 79' lang='grc' dir='ltr'><strong>φύλακας</strong></span> <span class='ocrx_word' id='word_1_156' title='bbox 738 2209 1087 2296; x_wconf 88' lang='lat' dir='ltr'>appellant.</span> <span class='ocrx_word' id='word_1_157' title='bbox 1181 2231 1263 2273; x_wconf 80' lang='lat' dir='ltr'>tt</span> <span class='ocrx_word' id='word_1_158' title='bbox 1307 2209 1548 2275; x_wconf 90' lang='lat' dir='ltr'>horum</span> <span class='ocrx_word' id='word_1_159' title='bbox 1587 2224 1726 2276; x_wconf 82' lang='lat' dir='ltr'>erat</span> <span class='ocrx_word' id='word_1_160' title='bbox 1762 2210 2062 2276; x_wconf 87' lang='lat' dir='ltr'>officium</span> <span class='ocrx_word' id='word_1_161' title='bbox 2092 2232 2226 2289; x_wconf 91' lang='lat' dir='ltr'>eos,</span> <span class='ocrx_word' id='word_1_162' title='bbox 2255 2210 2374 2297; x_wconf 91' lang='lat' dir='ltr'>qui</span> <span class='ocrx_word' id='word_1_163' title='bbox 2400 2209 2659 2297; x_wconf 90' lang='lat' dir='ltr'>legibus</span> <span class='ocrx_word' id='word_1_164' title='bbox 2684 2233 2885 2298; x_wconf 87' lang='lat' dir='ltr'>pare·</span> 
     </span>
     <span class='ocr_line' id='line_1_22' title="bbox 411 2315 2885 2404; baseline 0.002 -23"><span class='ocrx_word' id='word_1_165' title='bbox 411 2329 577 2395; x_wconf 89' lang='lat' dir='ltr'>rent,</span> <span class='ocrx_word' id='word_1_166' title='bbox 619 2315 927 2382; x_wconf 87' lang='lat' dir='ltr'>laudibus</span> <span class='ocrx_word' id='word_1_167' title='bbox 964 2316 1276 2403; x_wconf 89' lang='lat' dir='ltr'>prosequi</span> <span class='ocrx_word' id='word_1_168' title='bbox 1314 2338 1438 2382; x_wconf 90' lang='lat' dir='ltr'>nec</span> <span class='ocrx_word' id='word_1_169' title='bbox 1476 2316 1700 2382; x_wconf 91' lang='lat' dir='ltr'>minus</span> <span class='ocrx_word' id='word_1_170' title='bbox 1738 2316 2122 2396; x_wconf 90' lang='lat' dir='ltr'>honoribus,</span> <span class='ocrx_word' id='word_1_171' title='bbox 2163 2338 2278 2382; x_wconf 91' lang='lat' dir='ltr'>eos</span> <span class='ocrx_word' id='word_1_172' title='bbox 2308 2329 2550 2396; x_wconf 92' lang='lat' dir='ltr'>autem,</span> <span class='ocrx_word' id='word_1_173' title='bbox 2586 2318 2708 2404; x_wconf 92' lang='lat' dir='ltr'>qui</span> <span class='ocrx_word' id='word_1_174' title='bbox 2740 2341 2885 2386; x_wconf 90' lang='lat' dir='ltr'>non</span> 
     </span>
     <span class='ocr_line' id='line_1_23' title="bbox 409 2422 2886 2510; baseline 0.001 -22"><span class='ocrx_word' id='word_1_175' title='bbox 409 2436 732 2509; x_wconf 89' lang='lat' dir='ltr'>parerent,</span> <span class='ocrx_word' id='word_1_176' title='bbox 785 2444 998 2509; x_wconf 89' lang='lat' dir='ltr'>poena</span> <span class='ocrx_word' id='word_1_177' title='bbox 1046 2422 1344 2503; x_wconf 83' lang='lat' dir='ltr'>multare,</span> <span class='ocrx_word' id='word_1_178' title='bbox 1397 2423 1581 2509; x_wconf 94' lang='lat' dir='ltr'>quod</span> <span class='ocrx_word' id='word_1_179' title='bbox 1631 2445 1810 2489; x_wconf 89' lang='lat' dir='ltr'>nunc</span> <span class='ocrx_word' id='word_1_180' title='bbox 1858 2423 2104 2489; x_wconf 87' lang='lat' dir='ltr'>scilicet</span> <span class='ocrx_word' id='word_1_181' title='bbox 2151 2422 2405 2489; x_wconf 87' lang='lat' dir='ltr'>faciunt</span> <span class='ocrx_word' id='word_1_182' title='bbox 2452 2425 2886 2510; x_wconf 81' lang='lat' dir='ltr'>magistratus</span> 
     </span>
     <span class='ocr_line' id='line_1_24' title="bbox 409 2529 2884 2616; baseline 0.002 -22"><span class='ocrx_word' id='word_1_183' title='bbox 409 2529 684 2606; x_wconf 82' lang='lat' dir='ltr'>adsidua</span> <span class='ocrx_word' id='word_1_184' title='bbox 718 2529 1167 2596; x_wconf 89' lang='lat' dir='ltr'>iurisdictione</span> <span class='ocrx_word' id='word_1_185' title='bbox 1202 2529 1344 2595; x_wconf 90' lang='lat' dir='ltr'>uim</span> <span class='ocrx_word' id='word_1_186' title='bbox 1379 2529 1603 2616; x_wconf 88' lang='lat' dir='ltr'>legum</span> <span class='ocrx_word' id='word_1_187' title='bbox 1638 2529 2101 2597; x_wconf 88' lang='lat' dir='ltr'>custodientes.</span> <span class='ocrx_word' id='word_1_188' title='bbox 2141 2530 2259 2596; x_wconf 88' lang='lat' dir='ltr'>sed</span> <span class='ocrx_word' id='word_1_189' title='bbox 2295 2529 2457 2596; x_wconf 90' lang='lat' dir='ltr'>haec</span> <span class='ocrx_word' id='word_1_190' title='bbox 2492 2530 2562 2596; x_wconf 89' lang='lat' dir='ltr'>in</span> <span class='ocrx_word' id='word_1_191' title='bbox 2599 2531 2884 2598; x_wconf 91' lang='lat' dir='ltr'>uniuer-</span> 
     </span>
    </p>
   </div>
   <div class='ocr_carea' id='block_1_5' title="bbox 298 2635 1912 2714">
    <p class='ocr_par' dir='ltr' id='par_1_5' title="bbox 298 2635 1912 2714">
     <span class='ocr_line' id='line_1_25' title="bbox 298 2635 1912 2714; baseline 0.001 -14"><span class='ocrx_word' id='word_1_192' title='bbox 298 2664 366 2714; x_wconf 76' lang='lat'>75</span> <span class='ocrx_word' id='word_1_193' title='bbox 413 2657 564 2701; x_wconf 90' lang='lat' dir='ltr'>sum</span> <span class='ocrx_word' id='word_1_194' title='bbox 594 2635 1112 2702; x_wconf 89' lang='lat' dir='ltr'>administranda</span> <span class='ocrx_word' id='word_1_195' title='bbox 1137 2635 1484 2702; x_wconf 88' lang='lat' dir='ltr'>tradidisse</span> <span class='ocrx_word' id='word_1_196' title='bbox 1513 2635 1780 2702; x_wconf 88' lang='lat' dir='ltr'>abunde</span> <span class='ocrx_word' id='word_1_197' title='bbox 1809 2636 1912 2702; x_wconf 91' lang='lat' dir='ltr'>sit.</span> 
     </span>
    </p>
   </div>
   <div class='ocr_carea' id='block_1_6' title="bbox 313 2807 365 2883">
    <p class='ocr_par' dir='ltr' id='par_1_6' title="bbox 313 2807 365 2883">
     <span class='ocr_line' id='line_1_26' title="bbox 313 2807 365 2883; baseline 0 -23"><span class='ocrx_word' id='word_1_198' title='bbox 313 2807 365 2883; x_wconf 85' lang='lat'>4</span> 
     </span>
    </p>
   </div>
   <div class='ocr_carea' id='block_1_7' title="bbox 407 2794 2883 3628">
    <p class='ocr_par' dir='ltr' id='par_1_7' title="bbox 407 2794 2883 3308">
     <span class='ocr_line' id='line_1_27' title="bbox 496 2794 2881 2882; baseline 0.002 -24"><span class='ocrx_word' id='word_1_199' title='bbox 496 2817 535 2858; x_wconf 81' lang='lat' dir='ltr'>r</span> <span class='ocrx_word' id='word_1_200' title='bbox 581 2796 782 2862; x_wconf 92' lang='lat' dir='ltr'>Nunc</span> <span class='ocrx_word' id='word_1_201' title='bbox 806 2795 890 2861; x_wconf 94' lang='lat' dir='ltr'>de</span> <span class='ocrx_word' id='word_1_202' title='bbox 912 2794 1144 2862; x_wconf 91' lang='lat' dir='ltr'>ceteris</span> <span class='ocrx_word' id='word_1_203' title='bbox 1167 2795 1385 2875; x_wconf 89' lang='lat' dir='ltr'>rebus,</span> <span class='ocrx_word' id='word_1_204' title='bbox 1412 2817 1582 2882; x_wconf 90' lang='lat' dir='ltr'>quae</span> <span class='ocrx_word' id='word_1_205' title='bbox 1604 2796 1883 2862; x_wconf 89' lang='lat' dir='ltr'>omissae</span> <span class='ocrx_word' id='word_1_206' title='bbox 1906 2808 2091 2861; x_wconf 89' lang='lat' dir='ltr'>erant</span> <span class='ocrx_word' id='word_1_207' title='bbox 2113 2795 2446 2881; x_wconf 91' lang='lat' dir='ltr'>prioribus</span> <span class='ocrx_word' id='word_1_208' title='bbox 2469 2794 2675 2874; x_wconf 89' lang='lat' dir='ltr'>libris,</span> <span class='ocrx_word' id='word_1_209' title='bbox 2705 2818 2881 2882; x_wconf 90' lang='lat' dir='ltr'>quo-</span> 
     </span>
     <span class='ocr_line' id='line_1_28' title="bbox 408 2901 2883 2989; baseline 0.001 -22"><span class='ocrx_word' id='word_1_210' title='bbox 408 2902 588 2967; x_wconf 88' lang='lat' dir='ltr'>niam</span> <span class='ocrx_word' id='word_1_211' title='bbox 615 2901 846 2968; x_wconf 89' lang='lat' dir='ltr'>uilicae</span> <span class='ocrx_word' id='word_1_212' title='bbox 874 2902 1376 2968; x_wconf 88' lang='lat' dir='ltr'>reseruabantur</span> <span class='ocrx_word' id='word_1_213' title='bbox 1401 2901 1659 2981; x_wconf 87' lang='lat' dir='ltr'>officiis,</span> <span class='ocrx_word' id='word_1_214' title='bbox 1690 2902 2189 2988; x_wconf 89' lang='lat' dir='ltr'>praecipiemus,</span> <span class='ocrx_word' id='word_1_215' title='bbox 2219 2915 2305 2981; x_wconf 89' lang='lat' dir='ltr'>et,</span> <span class='ocrx_word' id='word_1_216' title='bbox 2337 2916 2414 2968; x_wconf 93' lang='lat' dir='ltr'>ut</span> <span class='ocrx_word' id='word_1_217' title='bbox 2439 2901 2679 2989; x_wconf 89' lang='lat' dir='ltr'>aliquis</span> <span class='ocrx_word' id='word_1_218' title='bbox 2707 2903 2883 2969; x_wconf 88' lang='lat' dir='ltr'>ordo</span> 
     </span>
     <span class='ocr_line' id='line_1_29' title="bbox 410 3006 2882 3095; baseline 0.001 -22"><span class='ocrx_word' id='word_1_219' title='bbox 410 3008 837 3088; x_wconf 89' lang='lat' dir='ltr'>custodiatur,</span> <span class='ocrx_word' id='word_1_220' title='bbox 891 3007 1282 3094; x_wconf 88' lang='lat' dir='ltr'>incipiemus</span> <span class='ocrx_word' id='word_1_221' title='bbox 1330 3030 1368 3073; x_wconf 91' lang='lat' dir='ltr'>a</span> <span class='ocrx_word' id='word_1_222' title='bbox 1415 3030 1623 3075; x_wconf 90' lang='lat' dir='ltr'>uerno</span> <span class='ocrx_word' id='word_1_223' title='bbox 1670 3021 1989 3095; x_wconf 90' lang='lat' dir='ltr'>tempore,</span> <span class='ocrx_word' id='word_1_224' title='bbox 2042 3006 2359 3095; x_wconf 86' lang='lat' dir='ltr'>quoniam</span> <span class='ocrx_word' id='word_1_225' title='bbox 2408 3007 2544 3074; x_wconf 87' lang='lat' dir='ltr'>fere</span> <span class='ocrx_word' id='word_1_226' title='bbox 2594 3010 2882 3075; x_wconf 88' lang='lat' dir='ltr'>maturis</span> 
     </span>
     <span class='ocr_line' id='line_1_30' title="bbox 407 3113 2881 3201; baseline 0.001 -21"><span class='ocrx_word' id='word_1_227' title='bbox 407 3128 606 3201; x_wconf 91' lang='lat' dir='ltr'>atque</span> <span class='ocrx_word' id='word_1_228' title='bbox 654 3114 1143 3181; x_wconf 89' lang='lat' dir='ltr'>trimenstribus</span> <span class='ocrx_word' id='word_1_229' title='bbox 1190 3114 1665 3181; x_wconf 91' lang='lat' dir='ltr'>consummatis</span> <span class='ocrx_word' id='word_1_230' title='bbox 1714 3113 2078 3180; x_wconf 85' lang='lat' dir='ltr'>sationibus</span> <span class='ocrx_word' id='word_1_231' title='bbox 2128 3135 2337 3180; x_wconf 89' lang='lat' dir='ltr'>uacua</span> <span class='ocrx_word' id='word_1_232' title='bbox 2385 3128 2687 3200; x_wconf 86' lang='lat' dir='ltr'>tempora</span> <span class='ocrx_word' id='word_1_233' title='bbox 2738 3115 2881 3182; x_wconf 88' lang='lat' dir='ltr'>iam</span> 
     </span>
     <span class='ocr_line' id='line_1_31' title="bbox 409 3220 2441 3308; baseline -0 -21"><span class='ocrx_word' id='word_1_234' title='bbox 409 3221 803 3307; x_wconf 91' lang='lat' dir='ltr'>contingunt</span> <span class='ocrx_word' id='word_1_235' title='bbox 833 3221 916 3287; x_wconf 93' lang='lat' dir='ltr'>ad</span> <span class='ocrx_word' id='word_1_236' title='bbox 946 3243 1023 3286; x_wconf 88' lang='lat' dir='ltr'>ea</span> <span class='ocrx_word' id='word_1_237' title='bbox 1052 3221 1455 3308; x_wconf 89' lang='lat' dir='ltr'>exequenda,</span> <span class='ocrx_word' id='word_1_238' title='bbox 1490 3242 1659 3307; x_wconf 91' lang='lat' dir='ltr'>quae</span> <span class='ocrx_word' id='word_1_239' title='bbox 1692 3221 2003 3308; x_wconf 86' lang='lat' dir='ltr'>deinceps</span> <span class='ocrx_word' id='word_1_240' title='bbox 2033 3220 2441 3288; x_wconf 90' lang='lat' dir='ltr'>docebimus.</span> 
     </span>
    </p>

    <p class='ocr_par' dir='ltr' id='par_1_8' title="bbox 408 3326 2877 3628">
     <span class='ocr_line' id='line_1_32' title="bbox 495 3326 2872 3414; baseline 0 -20"><span class='ocrx_word' id='word_1_241' title='bbox 495 3348 536 3394; x_wconf 80' lang='lat'><em>2</em></span> <span class='ocrx_word' id='word_1_242' title='bbox 575 3329 937 3394; x_wconf 88' lang='lat' dir='ltr'>Paruarum</span> <span class='ocrx_word' id='word_1_243' title='bbox 962 3349 1184 3393; x_wconf 90' lang='lat' dir='ltr'>rerum</span> <span class='ocrx_word' id='word_1_244' title='bbox 1210 3349 1437 3394; x_wconf 90' lang='lat' dir='ltr'>curam</span> <span class='ocrx_word' id='word_1_245' title='bbox 1464 3349 1601 3394; x_wconf 90' lang='lat' dir='ltr'>non</span> <span class='ocrx_word' id='word_1_246' title='bbox 1627 3326 1915 3394; x_wconf 90' lang='lat' dir='ltr'>defuisse</span> <span class='ocrx_word' id='word_1_247' title='bbox 1936 3328 2174 3393; x_wconf 86' lang='lat' dir='ltr'>Poenis</span> <span class='ocrx_word' id='word_1_248' title='bbox 2201 3326 2609 3414; x_wconf 89' lang='lat' dir='ltr'>Graecisque</span> <span class='ocrx_word' id='word_1_249' title='bbox 2636 3343 2872 3395; x_wconf 91' lang='lat' dir='ltr'>aucto-</span> 
     </span>
     <span class='ocr_line' id='line_1_33' title="bbox 415 3433 2877 3521; baseline 0 -21"><span class='ocrx_word' id='word_1_250' title='bbox 415 3433 599 3500; x_wconf 91' lang='lat' dir='ltr'>ribus</span> <span class='ocrx_word' id='word_1_251' title='bbox 627 3448 824 3521; x_wconf 91' lang='lat' dir='ltr'>atque</span> <span class='ocrx_word' id='word_1_252' title='bbox 851 3434 1049 3500; x_wconf 88' lang='lat' dir='ltr'>etiam</span> <span class='ocrx_word' id='word_1_253' title='bbox 1079 3434 1394 3500; x_wconf 90' lang='lat' dir='ltr'>Romanis</span> <span class='ocrx_word' id='word_1_254' title='bbox 1421 3434 1739 3500; x_wconf 88' lang='lat' dir='ltr'>memoria</span> <span class='ocrx_word' id='word_1_255' title='bbox 1764 3434 2053 3500; x_wconf 87' lang='lat' dir='ltr'>tradidit:</span> <span class='ocrx_word' id='word_1_256' title='bbox 2085 3456 2239 3500; x_wconf 89' lang='lat' dir='ltr'>nam</span> <span class='ocrx_word' id='word_1_257' title='bbox 2266 3447 2331 3500; x_wconf 92' lang='lat' dir='ltr'>et</span> <span class='ocrx_word' id='word_1_258' title='bbox 2361 3434 2567 3519; x_wconf 90' lang='lat' dir='ltr'>Mago</span> <span class='ocrx_word' id='word_1_259' title='bbox 2591 3433 2877 3500; x_wconf 85' lang='lat' dir='ltr'>Cartha-</span> 
     </span>
     <span class='ocr_line' id='line_1_34' title="bbox 408 3539 2876 3628; baseline 0 -22"><span class='ocrx_word' id='word_1_260' title='bbox 408 3540 722 3627; x_wconf 88' lang='lat' dir='ltr'>giniensis</span> <span class='ocrx_word' id='word_1_261' title='bbox 770 3554 836 3607; x_wconf 91' lang='lat' dir='ltr'>et</span> <span class='ocrx_word' id='word_1_262' title='bbox 886 3540 1239 3620; x_wconf 89' lang='lat' dir='ltr'>Hamilcar,</span> <span class='ocrx_word' id='word_1_263' title='bbox 1292 3562 1462 3628; x_wconf 91' lang='lat' dir='ltr'>quos</span> <span class='ocrx_word' id='word_1_264' title='bbox 1510 3540 1719 3606; x_wconf 89' lang='lat' dir='ltr'>secuti</span> <span class='ocrx_word' id='word_1_265' title='bbox 1768 3540 2081 3606; x_wconf 88' lang='lat' dir='ltr'>uidentur</span> <span class='ocrx_word' id='word_1_266' title='bbox 2131 3539 2420 3606; x_wconf 89' lang='lat' dir='ltr'>Graecae</span> <span class='ocrx_word' id='word_1_267' title='bbox 2468 3539 2686 3626; x_wconf 89' lang='lat' dir='ltr'>gentis</span> <span class='ocrx_word' id='word_1_268' title='bbox 2734 3563 2876 3607; x_wconf 90' lang='lat' dir='ltr'>non</span> 
     </span>
    </p>
   </div>
   <div class='ocr_carea' id='block_1_8' title="bbox 405 3678 2875 4640">
    <p class='ocr_par' dir='ltr' id='par_1_9' title="bbox 405 3678 2875 4460">
     <span class='ocr_line' id='line_1_35' title="bbox 408 3678 2875 3747; baseline -0.001 -12"><span class='ocrx_word' id='word_1_269' title='bbox 408 3681 525 3735; x_wconf 77' lang='lat' dir='ltr'>s¹A</span> <span class='ocrx_word' id='word_1_270' title='bbox 553 3683 834 3747; x_wconf 83' lang='lat' dir='ltr'>praesepia</span> <span class='ocrx_word' id='word_1_271' title='bbox 862 3680 1035 3746; x_wconf 83' lang='lat' dir='ltr'>(-fep-</span> <span class='ocrx_word' id='word_1_272' title='bbox 1058 3679 1115 3746; x_wconf 69' lang='lat'>1)</span> <span class='ocrx_word' id='word_1_273' title='bbox 1141 3681 1463 3734; x_wconf 84' lang='lat' dir='ltr'>mundanda</span> <span class='ocrx_word' id='word_1_274' title='bbox 1487 3681 1541 3733; x_wconf 99' lang='lat' dir='ltr'>R</span> <span class='ocrx_word' id='word_1_275' title='bbox 1574 3706 1613 3717; x_wconf 90' lang='lat'>-</span> <span class='ocrx_word' id='word_1_276' title='bbox 1650 3696 1719 3745; x_wconf 83' lang='grc'>54</span> <span class='ocrx_word' id='word_1_277' title='bbox 1746 3680 2143 3733; x_wconf 81' lang='lat' dir='ltr'>ualetudinaria</span> <span class='ocrx_word' id='word_1_278' title='bbox 2169 3678 2420 3745; x_wconf 72' lang='lat' dir='ltr'>Ahjmfy</span> <span class='ocrx_word' id='word_1_279' title='bbox 2453 3705 2492 3716; x_wconf 90' lang='lat'>-</span> <span class='ocrx_word' id='word_1_280' title='bbox 2525 3691 2729 3745; x_wconf 80' lang='lat' dir='ltr'>uagent</span> <span class='ocrx_word' id='word_1_281' title='bbox 2756 3681 2801 3734; x_wconf 91' lang='lat' dir='ltr'>S</span> <span class='ocrx_word' id='word_1_282' title='bbox 2836 3706 2875 3717; x_wconf 90' lang='lat'>-</span> 
     </span>
     <span class='ocr_line' id='line_1_36' title="bbox 411 3767 2872 3839; baseline -0.001 -15"><span class='ocrx_word' id='word_1_283' title='bbox 411 3787 440 3836; x_wconf 86' lang='grc'><strong><em>5</em></strong></span> <span class='ocrx_word' id='word_1_284' title='bbox 446 3786 476 3836; x_wconf 77' lang='lat'><strong>5</strong></span> <span class='ocrx_word' id='word_1_285' title='bbox 523 3771 849 3824; x_wconf 79' lang='lat' dir='ltr'>inmunditia</span> <span class='ocrx_word' id='word_1_286' title='bbox 893 3769 956 3823; x_wconf 79' lang='lat'>8²</span> <span class='ocrx_word' id='word_1_287' title='bbox 1002 3796 1044 3807; x_wconf 96' lang='lat'>-</span> <span class='ocrx_word' id='word_1_288' title='bbox 1092 3770 1160 3835; x_wconf 81' lang='grc'>56</span> <span class='ocrx_word' id='word_1_289' title='bbox 1205 3771 1414 3835; x_wconf 87' lang='lat' dir='ltr'>promis</span> <span class='ocrx_word' id='word_1_290' title='bbox 1444 3768 1765 3834; x_wconf 71' lang='lat' dir='ltr'>sAh¹br2y²</span> <span class='ocrx_word' id='word_1_291' title='bbox 1794 3770 1952 3834; x_wconf 87' lang='lat' dir='ltr'>penis</span> <span class='ocrx_word' id='word_1_292' title='bbox 1982 3767 2319 3835; x_wconf 57' lang='lat' dir='ltr'>minsa-²5⁸9</span> <span class='ocrx_word' id='word_1_293' title='bbox 2347 3769 2622 3834; x_wconf 85' lang='lat' dir='ltr'>promptis</span> <span class='ocrx_word' id='word_1_294' title='bbox 2654 3786 2690 3839; x_wconf 81' lang='grc' dir='ltr'><strong>ρ</strong></span> <span class='ocrx_word' id='word_1_295' title='bbox 2725 3795 2765 3806; x_wconf 92' lang='grc'>-</span> <span class='ocrx_word' id='word_1_296' title='bbox 2804 3782 2872 3835; x_wconf 79' lang='lat'>57</span> 
     </span>
     <span class='ocr_line' id='line_1_37' title="bbox 407 3857 2871 3924; baseline -0.001 -11"><span class='ocrx_word' id='word_1_297' title='bbox 407 3871 503 3913; x_wconf 84' lang='lat' dir='ltr'>sut</span> <span class='ocrx_word' id='word_1_298' title='bbox 531 3860 906 3913; x_wconf 86' lang='lat' dir='ltr'>metuentibus</span> <span class='ocrx_word' id='word_1_299' title='bbox 925 3876 1024 3912; x_wconf 82' lang='lat' dir='ltr'>om.</span> <span class='ocrx_word' id='word_1_300' title='bbox 1046 3858 1183 3912; x_wconf 75' lang='lat' dir='ltr'>sAh</span> <span class='ocrx_word' id='word_1_301' title='bbox 1214 3886 1253 3896; x_wconf 90' lang='lat'>-</span> <span class='ocrx_word' id='word_1_302' title='bbox 1289 3860 1357 3924; x_wconf 85' lang='grc'>58</span> <span class='ocrx_word' id='word_1_303' title='bbox 1376 3870 1440 3912; x_wconf 92' lang='lat' dir='ltr'>ut</span> <span class='ocrx_word' id='word_1_304' title='bbox 1458 3859 1603 3912; x_wconf 74' lang='lat' dir='ltr'>SAR</span> <span class='ocrx_word' id='word_1_305' title='bbox 1620 3875 1719 3911; x_wconf 82' lang='lat' dir='ltr'>om.</span> <span class='ocrx_word' id='word_1_306' title='bbox 1741 3858 1953 3923; x_wconf 53' lang='grc' dir='ltr'>πίνῳ,</span> <span class='ocrx_word' id='word_1_307' title='bbox 1984 3885 2023 3895; x_wconf 91' lang='grc'>-</span> <span class='ocrx_word' id='word_1_308' title='bbox 2057 3858 2238 3911; x_wconf 83' lang='lat' dir='ltr'>foetus</span> <span class='ocrx_word' id='word_1_309' title='bbox 2256 3857 2473 3923; x_wconf 65' lang='grc' dir='ltr'>ᾸΙιλγς,</span> <span class='ocrx_word' id='word_1_310' title='bbox 2504 3883 2546 3895; x_wconf 88' lang='lat'>-·</span> <span class='ocrx_word' id='word_1_311' title='bbox 2582 3874 2650 3922; x_wconf 78' lang='lat'>59</span> <span class='ocrx_word' id='word_1_312' title='bbox 2669 3874 2871 3911; x_wconf 85' lang='lat' dir='ltr'>uerum</span> 
     </span>
     <span class='ocr_line' id='line_1_38' title="bbox 406 3946 2872 4014; baseline -0.001 -11"><span class='ocrx_word' id='word_1_313' title='bbox 406 3950 460 4002; x_wconf 99' lang='lat' dir='ltr'>R</span> <span class='ocrx_word' id='word_1_314' title='bbox 496 3975 532 3986; x_wconf 92' lang='lat'>-</span> <span class='ocrx_word' id='word_1_315' title='bbox 565 3949 638 4002; x_wconf 84' lang='lat'>60</span> <span class='ocrx_word' id='word_1_316' title='bbox 668 3949 862 4014; x_wconf 85' lang='lat' dir='ltr'>utique</span> <span class='ocrx_word' id='word_1_317' title='bbox 894 3947 1070 4002; x_wconf 75' lang='grc' dir='ltr'><strong>ΒΑλσ</strong></span> <span class='ocrx_word' id='word_1_318' title='bbox 1100 3948 1265 4001; x_wconf 85' lang='lat' dir='ltr'>etism</span> <span class='ocrx_word' id='word_1_319' title='bbox 1296 3946 1480 4013; x_wconf 71' lang='lat' dir='ltr'>hir²y²</span> <span class='ocrx_word' id='word_1_320' title='bbox 1512 3974 1552 3985; x_wconf 93' lang='lat'>-</span> <span class='ocrx_word' id='word_1_321' title='bbox 1586 3958 1641 4000; x_wconf 87' lang='lat' dir='ltr'>et</span> <span class='ocrx_word' id='word_1_322' title='bbox 1673 3947 1823 4000; x_wconf 79' lang='lat' dir='ltr'>lanas</span> <span class='ocrx_word' id='word_1_323' title='bbox 1856 3947 2145 4012; x_wconf 77' lang='lat' dir='ltr'>diligenter</span> <span class='ocrx_word' id='word_1_324' title='bbox 2177 3947 2344 4000; x_wconf 73' lang='lat' dir='ltr'>SA&#39;R</span> <span class='ocrx_word' id='word_1_325' title='bbox 2375 3948 2690 4012; x_wconf 81' lang='lat' dir='ltr'>pastoribus</span> <span class='ocrx_word' id='word_1_326' title='bbox 2722 3947 2872 4000; x_wconf 80' lang='lat' dir='ltr'>insta</span> 
     </span>
     <span class='ocr_line' id='line_1_39' title="bbox 405 4035 2868 4104; baseline -0 -13"><span class='ocrx_word' id='word_1_327' title='bbox 405 4037 483 4091; x_wconf 77' lang='lat' dir='ltr'>A²</span> <span class='ocrx_word' id='word_1_328' title='bbox 516 4065 555 4075; x_wconf 95' lang='lat'>-</span> <span class='ocrx_word' id='word_1_329' title='bbox 583 4048 705 4104; x_wconf 76' lang='lat' dir='ltr'>post</span> <span class='ocrx_word' id='word_1_330' title='bbox 745 4039 894 4091; x_wconf 85' lang='lat' dir='ltr'>lanas</span> <span class='ocrx_word' id='word_1_331' title='bbox 935 4037 1060 4091; x_wconf 80' lang='lat' dir='ltr'>add.</span> <span class='ocrx_word' id='word_1_332' title='bbox 1105 4038 1272 4091; x_wconf 86' lang='lat' dir='ltr'>etiam</span> <span class='ocrx_word' id='word_1_333' title='bbox 1311 4038 1365 4090; x_wconf 99' lang='lat' dir='ltr'>R</span> <span class='ocrx_word' id='word_1_334' title='bbox 1398 4064 1437 4074; x_wconf 93' lang='lat'><em>-</em></span> <span class='ocrx_word' id='word_1_335' title='bbox 1471 4038 1534 4089; x_wconf 84' lang='lat'>61</span> <span class='ocrx_word' id='word_1_336' title='bbox 1583 4053 1833 4089; x_wconf 83' lang='lat' dir='ltr'>recenset</span> <span class='ocrx_word' id='word_1_337' title='bbox 1873 4035 2011 4089; x_wconf 71' lang='lat' dir='ltr'>8²A¹</span> <span class='ocrx_word' id='word_1_338' title='bbox 2052 4037 2321 4089; x_wconf 83' lang='lat' dir='ltr'>recenseri</span> <span class='ocrx_word' id='word_1_339' title='bbox 2362 4035 2425 4089; x_wconf 79' lang='lat'>8¹</span> <span class='ocrx_word' id='word_1_340' title='bbox 2459 4062 2499 4073; x_wconf 94' lang='lat'>-</span> <span class='ocrx_word' id='word_1_341' title='bbox 2532 4035 2868 4090; x_wconf 83' lang='lat' dir='ltr'>atriensibus</span> 
     </span>
     <span class='ocr_line' id='line_1_40' title="bbox 413 4124 2870 4194; baseline -0 -15"><span class='ocrx_word' id='word_1_342' title='bbox 413 4126 632 4194; x_wconf 60' lang='lat' dir='ltr'>tiphe·</span> <span class='ocrx_word' id='word_1_343' title='bbox 658 4127 982 4180; x_wconf 87' lang='lat' dir='ltr'>atrientibus</span> <span class='ocrx_word' id='word_1_344' title='bbox 1006 4127 1150 4180; x_wconf 73' lang='lat' dir='ltr'>SAR</span> <span class='ocrx_word' id='word_1_345' title='bbox 1182 4154 1222 4164; x_wconf 93' lang='lat'>—</span> <span class='ocrx_word' id='word_1_346' title='bbox 1255 4125 1660 4191; x_wconf 84' lang='lat' dir='ltr'>superlectilem</span> <span class='ocrx_word' id='word_1_347' title='bbox 1684 4125 1799 4178; x_wconf 73' lang='lat' dir='ltr'>SA²</span> <span class='ocrx_word' id='word_1_348' title='bbox 1832 4151 1872 4162; x_wconf 96' lang='lat'>—</span> <span class='ocrx_word' id='word_1_349' title='bbox 1905 4127 1974 4179; x_wconf 84' lang='lat'>62</span> <span class='ocrx_word' id='word_1_350' title='bbox 2000 4125 2263 4178; x_wconf 82' lang='lat' dir='ltr'>nidentur</span> <span class='ocrx_word' id='word_1_351' title='bbox 2286 4125 2379 4178; x_wconf 73' lang='lat' dir='ltr'>SA</span> <span class='ocrx_word' id='word_1_352' title='bbox 2410 4151 2451 4161; x_wconf 95' lang='lat'>-</span> <span class='ocrx_word' id='word_1_353' title='bbox 2484 4124 2552 4190; x_wconf 82' lang='lat'>63</span> <span class='ocrx_word' id='word_1_354' title='bbox 2576 4135 2698 4190; x_wconf 74' lang='lat' dir='ltr'>post</span> <span class='ocrx_word' id='word_1_355' title='bbox 2722 4141 2870 4190; x_wconf 77' lang='lat' dir='ltr'>quae</span> 
     </span>
     <span class='ocr_line' id='line_1_41' title="bbox 406 4213 2869 4282; baseline -0.001 -12"><span class='ocrx_word' id='word_1_356' title='bbox 406 4216 531 4270; x_wconf 80' lang='lat' dir='ltr'>add.</span> <span class='ocrx_word' id='word_1_357' title='bbox 560 4217 608 4269; x_wconf 87' lang='lat' dir='ltr'>si</span> <span class='ocrx_word' id='word_1_358' title='bbox 633 4215 792 4268; x_wconf 74' lang='lat' dir='ltr'>hmo</span> <span class='ocrx_word' id='word_1_359' title='bbox 813 4214 934 4282; x_wconf 75' lang='lat' dir='ltr'>sici</span> <span class='ocrx_word' id='word_1_360' title='bbox 969 4242 1009 4253; x_wconf 92' lang='lat'>-</span> <span class='ocrx_word' id='word_1_361' title='bbox 1043 4215 1382 4269; x_wconf 79' lang='lat' dir='ltr'>concinanda</span> <span class='ocrx_word' id='word_1_362' title='bbox 1406 4216 1460 4268; x_wconf 80' lang='grc' dir='ltr'><strong>Α</strong></span> <span class='ocrx_word' id='word_1_363' title='bbox 1491 4242 1531 4252; x_wconf 91' lang='grc'>-</span> <span class='ocrx_word' id='word_1_364' title='bbox 1566 4216 1633 4280; x_wconf 82' lang='grc'>65</span> <span class='ocrx_word' id='word_1_365' title='bbox 1662 4214 2016 4280; x_wconf 83' lang='lat' dir='ltr'>profuturum</span> <span class='ocrx_word' id='word_1_366' title='bbox 2041 4213 2248 4280; x_wconf 60' lang='lat' dir='ltr'>himo</span> <span class='ocrx_word' id='word_1_367' title='bbox 2281 4240 2320 4251; x_wconf 91' lang='lat'>-</span> <span class='ocrx_word' id='word_1_368' title='bbox 2353 4213 2423 4278; x_wconf 85' lang='lat'>67</span> <span class='ocrx_word' id='word_1_369' title='bbox 2449 4215 2751 4267; x_wconf 79' lang='lat' dir='ltr'>constituta</span> <span class='ocrx_word' id='word_1_370' title='bbox 2778 4214 2869 4267; x_wconf 71' lang='lat' dir='ltr'>SA</span> 
     </span>
     <span class='ocr_line' id='line_1_42' title="bbox 406 4302 2867 4377; baseline 0.002 -20"><span class='ocrx_word' id='word_1_371' title='bbox 406 4333 446 4343; x_wconf 94' lang='lat'><em>-</em></span> <span class='ocrx_word' id='word_1_372' title='bbox 464 4305 532 4357; x_wconf 87' lang='grc'>68</span> <span class='ocrx_word' id='word_1_373' title='bbox 553 4305 809 4359; x_wconf 88' lang='lat' dir='ltr'>ciuilibus</span> <span class='ocrx_word' id='word_1_374' title='bbox 829 4305 869 4359; x_wconf 88' lang='lat' dir='ltr'>S</span> <span class='ocrx_word' id='word_1_375' title='bbox 889 4332 929 4342; x_wconf 94' lang='lat'><em>-</em></span> <span class='ocrx_word' id='word_1_376' title='bbox 949 4305 1020 4369; x_wconf 84' lang='lat'>69</span> <span class='ocrx_word' id='word_1_377' title='bbox 1039 4305 1417 4370; x_wconf 75' lang='lat' dir='ltr'>optumatibus</span> <span class='ocrx_word' id='word_1_378' title='bbox 1436 4302 1617 4369; x_wconf 73' lang='lat' dir='ltr'>hmry</span> <span class='ocrx_word' id='word_1_379' title='bbox 1635 4330 1675 4341; x_wconf 96' lang='lat'>—</span> <span class='ocrx_word' id='word_1_380' title='bbox 1694 4318 1765 4367; x_wconf 87' lang='lat'>70</span> <span class='ocrx_word' id='word_1_381' title='bbox 1784 4315 2056 4356; x_wconf 79' lang='lat' dir='ltr'>creassent</span> <span class='ocrx_word' id='word_1_382' title='bbox 2073 4319 2118 4368; x_wconf 79' lang='lat' dir='ltr'>p</span> <span class='ocrx_word' id='word_1_383' title='bbox 2137 4321 2235 4357; x_wconf 83' lang='lat' dir='ltr'>om.</span> <span class='ocrx_word' id='word_1_384' title='bbox 2258 4303 2402 4356; x_wconf 74' lang='lat' dir='ltr'>SAR</span> <span class='ocrx_word' id='word_1_385' title='bbox 2416 4330 2456 4340; x_wconf 93' lang='lat'>—</span> <span class='ocrx_word' id='word_1_386' title='bbox 2472 4309 2867 4377; x_wconf 70' lang='grc' dir='ltr'><strong>νομοφυλωοας</strong></span> 
     </span>
     <span class='ocr_line' id='line_1_43' title="bbox 407 4391 2451 4460; baseline -0.001 -12"><span class='ocrx_word' id='word_1_387' title='bbox 407 4393 623 4460; x_wconf 66' lang='lat' dir='ltr'>SAhjse</span> <span class='ocrx_word' id='word_1_388' title='bbox 646 4412 744 4447; x_wconf 87' lang='lat' dir='ltr'>om.</span> <span class='ocrx_word' id='word_1_389' title='bbox 770 4413 822 4447; x_wconf 82' lang='lat' dir='ltr'>u.</span> <span class='ocrx_word' id='word_1_390' title='bbox 848 4405 925 4460; x_wconf 77' lang='lat' dir='ltr'>sp.</span> <span class='ocrx_word' id='word_1_391' title='bbox 953 4411 996 4447; x_wconf 89' lang='lat' dir='ltr'>r.</span> <span class='ocrx_word' id='word_1_392' title='bbox 1024 4393 1143 4460; x_wconf 65' lang='grc' dir='ltr'>λργ</span> <span class='ocrx_word' id='word_1_393' title='bbox 1175 4421 1215 4431; x_wconf 95' lang='grc'><strong>-</strong></span> <span class='ocrx_word' id='word_1_394' title='bbox 1248 4407 1312 4458; x_wconf 89' lang='lat'>71</span> <span class='ocrx_word' id='word_1_395' title='bbox 1343 4394 1620 4459; x_wconf 81' lang='lat' dir='ltr'>appellant</span> <span class='ocrx_word' id='word_1_396' title='bbox 1642 4393 1823 4446; x_wconf 81' lang='lat' dir='ltr'>s¹s⁸R</span> <span class='ocrx_word' id='word_1_397' title='bbox 1845 4393 2192 4458; x_wconf 82' lang='lat' dir='ltr'>appellabant</span> <span class='ocrx_word' id='word_1_398' title='bbox 2215 4391 2451 4457; x_wconf 66' lang='lat' dir='ltr'>S⁸Afiye</span> 
     </span>
    </p>

    <p class='ocr_par' dir='ltr' id='par_1_10' title="bbox 408 4480 2867 4640">
     <span class='ocr_line' id='line_1_44' title="bbox 477 4480 2867 4550; baseline -0.001 -14"><span class='ocrx_word' id='word_1_399' title='bbox 477 4499 533 4550; x_wconf 80' lang='lat'>4:</span> <span class='ocrx_word' id='word_1_400' title='bbox 568 4501 604 4548; x_wconf 90' lang='lat'>4</span> <span class='ocrx_word' id='word_1_401' title='bbox 629 4494 795 4548; x_wconf 87' lang='lat' dir='ltr'>atque</span> <span class='ocrx_word' id='word_1_402' title='bbox 819 4483 896 4536; x_wconf 79' lang='lat' dir='ltr'>bis</span> <span class='ocrx_word' id='word_1_403' title='bbox 918 4482 993 4535; x_wconf 71' lang='lat' dir='ltr'>A²</span> <span class='ocrx_word' id='word_1_404' title='bbox 1027 4510 1067 4520; x_wconf 89' lang='lat'>-</span> <span class='ocrx_word' id='word_1_405' title='bbox 1099 4483 1468 4536; x_wconf 83' lang='lat' dir='ltr'>trimestribus</span> <span class='ocrx_word' id='word_1_406' title='bbox 1493 4496 1599 4550; x_wconf 72' lang='lat' dir='ltr'>mp</span> <span class='ocrx_word' id='word_1_407' title='bbox 1633 4509 1673 4520; x_wconf 94' lang='lat'>-</span> <span class='ocrx_word' id='word_1_408' title='bbox 1704 4481 2040 4535; x_wconf 80' lang='lat' dir='ltr'>consumatis</span> <span class='ocrx_word' id='word_1_409' title='bbox 2065 4480 2217 4547; x_wconf 68' lang='lat' dir='ltr'>bryc</span> <span class='ocrx_word' id='word_1_410' title='bbox 2249 4507 2288 4518; x_wconf 91' lang='lat'>-</span> <span class='ocrx_word' id='word_1_411' title='bbox 2325 4497 2354 4545; x_wconf 79' lang='grc'>5</span> <span class='ocrx_word' id='word_1_412' title='bbox 2381 4481 2702 4547; x_wconf 76' lang='lat' dir='ltr'>contingant</span> <span class='ocrx_word' id='word_1_413' title='bbox 2726 4481 2796 4534; x_wconf 87' lang='lat' dir='ltr'>S¹</span> <span class='ocrx_word' id='word_1_414' title='bbox 2830 4506 2867 4517; x_wconf 90' lang='lat'>-</span> 
     </span>
     <span class='ocr_line' id='line_1_45' title="bbox 408 4568 2865 4640; baseline -0.002 -13"><span class='ocrx_word' id='word_1_415' title='bbox 408 4587 444 4640; x_wconf 92' lang='lat'>7</span> <span class='ocrx_word' id='word_1_416' title='bbox 479 4572 663 4639; x_wconf 79' lang='lat' dir='ltr'>Magis</span> <span class='ocrx_word' id='word_1_417' title='bbox 697 4572 772 4625; x_wconf 77' lang='lat' dir='ltr'>A²</span> <span class='ocrx_word' id='word_1_418' title='bbox 806 4574 1019 4638; x_wconf 80' lang='lat' dir='ltr'>Magon</span> <span class='ocrx_word' id='word_1_419' title='bbox 1050 4572 1127 4625; x_wconf 71' lang='lat' dir='ltr'>A·</span> <span class='ocrx_word' id='word_1_420' title='bbox 1161 4598 1200 4609; x_wconf 91' lang='lat'>-</span> <span class='ocrx_word' id='word_1_421' title='bbox 1235 4571 1679 4637; x_wconf 79' lang='lat' dir='ltr'>carthaginensis</span> <span class='ocrx_word' id='word_1_422' title='bbox 1713 4571 1934 4637; x_wconf 65' lang='grc' dir='ltr'>Ιιλργςῑ</span> <span class='ocrx_word' id='word_1_423' title='bbox 1968 4597 2008 4609; x_wconf 89' lang='lat'>-</span> <span class='ocrx_word' id='word_1_424' title='bbox 2040 4571 2074 4623; x_wconf 84' lang='lat'><strong>8</strong></span> <span class='ocrx_word' id='word_1_425' title='bbox 2110 4570 2391 4623; x_wconf 75' lang='lat' dir='ltr'>Hamilcar</span> <span class='ocrx_word' id='word_1_426' title='bbox 2420 4568 2506 4636; x_wconf 72' lang='lat'>8¹1</span> <span class='ocrx_word' id='word_1_427' title='bbox 2530 4570 2784 4624; x_wconf 65' lang='lat' dir='ltr'>Hmilcu</span> <span class='ocrx_word' id='word_1_428' title='bbox 2806 4568 2865 4623; x_wconf 64' lang='grc' dir='ltr'>Β*</span> 
     </span>
    </p>
   </div>
   <div class='ocr_carea' id='block_1_9' title="bbox 415 3653 840 3661">
    <p class='ocr_par' dir='ltr' id='par_1_11' title="bbox 415 3653 840 3661">
     <span class='ocr_line' id='line_1_46' title="bbox 415 3653 840 3661; baseline 0 0"><span class='ocrx_word' id='word_1_429' title='bbox 415 3653 840 3661; x_wconf 95' lang='lat' dir='ltr'> </span> 
     </span>
    </p>
   </div>
   <div class='ocr_carea' id='block_1_10' title="bbox 3084 85 3108 1392">
    <p class='ocr_par' dir='ltr' id='par_1_12' title="bbox 3084 85 3108 1392">
     <span class='ocr_line' id='line_1_47' title="bbox 3106 85 3108 240; baseline 0 0"><span class='ocrx_word' id='word_1_430' title='bbox 3106 85 3108 240; x_wconf 92' lang='grc' dir='ltr'>Ι</span> 
     </span>
     <span class='ocr_line' id='line_1_48' title="bbox 3102 491 3108 608; baseline 0 0"><span class='ocrx_word' id='word_1_431' title='bbox 3102 491 3108 608; x_wconf 54' lang='grc' dir='ltr'>ι</span> 
     </span>
     <span class='ocr_line' id='line_1_49' title="bbox 3098 647 3108 756; baseline 0 0"><span class='ocrx_word' id='word_1_432' title='bbox 3098 647 3108 756; x_wconf 71' lang='grc' dir='ltr'>ι</span> 
     </span>
     <span class='ocr_line' id='line_1_50' title="bbox 3084 801 3108 1392; baseline 0 0"><span class='ocrx_word' id='word_1_433' title='bbox 3084 801 3108 1392; x_wconf 70' lang='grc' dir='ltr'><em>ἒ</em></span> 
     </span>
    </p>
   </div>
   <div class='ocr_carea' id='block_1_11' title="bbox 3018 1399 3097 4350">
    <p class='ocr_par' dir='ltr' id='par_1_13' title="bbox 3016 1399 3108 4498">
     <span class='ocr_line' id='line_1_51' title="bbox 3070 1399 3097 1992; baseline 0 0"><span class='ocrx_word' id='word_1_434' title='bbox 3070 1399 3097 1992; x_wconf 71' lang='grc' dir='ltr'><strong><em>ἒ</em></strong></span> 
     </span>
     <span class='ocr_line' id='line_1_52' title="bbox 3056 2011 3083 2556; baseline 0 0"><span class='ocrx_word' id='word_1_435' title='bbox 3056 2011 3083 2556; x_wconf 80' lang='lat'>.¹</span> 
     </span>
     <span class='ocr_line' id='line_1_53' title="bbox 3038 2567 3075 3158; baseline 0 -446"><span class='ocrx_word' id='word_1_436' title='bbox 3038 2567 3075 3158; x_wconf 56' lang='lat'>3-</span> 
     </span>
     <span class='ocr_line' id='line_1_54' title="bbox 3018 3473 3053 4350; baseline 0 148"><span class='ocrx_word' id='word_1_437' title='bbox 3018 3473 3053 4350; x_wconf 64' lang='grc' dir='ltr'><em>ἐ</em></span> 
     </span>
    </p>
   </div>
   <div class='ocr_carea' id='block_1_12' title="bbox 216 4671 3109 5557">
    <p class='ocr_par' dir='ltr' id='par_1_14' title="bbox 216 4671 3109 5557">
     <span class='ocr_line' id='line_1_55' title="bbox 216 4671 3109 5557; baseline 0 0"><span class='ocrx_word' id='word_1_438' title='bbox 216 4671 3109 5557; x_wconf 95' lang='lat' dir='ltr'> </span> 
     </span>
    </p>
   </div>
  </div>
 </body>
</html>
