3109 5559
825 217 936 263 REI
971 217 1292 263 RVSTICAE
1325 217 1455 262 LIB.
1490 218 1566 263 1x
1598 218 1653 262 C.
1693 217 1772 278 14
2310 215 2423 277 105

214 387 268 441 et
297 400 549 441 numero
584 379 818 459 augeri.
858 380 971 441 sed
1006 386 1071 441 et
1107 380 1331 441 iisdem
1368 379 1595 441 diebus
1629 379 1951 441 intereunt
1989 399 2153 459 quae
2188 398 2428 459 paucas

213 494 266 547 et
291 506 498 565 aegras
526 505 679 565 apes
705 486 967 548 habent.
999 486 1352 565 eodemque
1381 494 1669 565 tempore
1696 492 2199 566 progenerantur
2224 487 2289 546 in
2319 505 2426 547 ex-

213 593 403 654 tremis
452 593 745 673 partibus
795 592 1092 653 fauorum
1142 592 1467 672 amplioris
1516 592 1978 671 magnitudinis
2028 611 2223 672 quam
2274 598 2426 653 sunt

211 707 430 761 ceterae
460 718 632 778 apes,
664 718 898 778 eosque
927 699 1217 760 nonnulli
1247 705 1482 778 putant
1514 717 1648 760 esse
1679 718 1872 777 reges,
1905 718 2129 760 uerum
2162 699 2427 778 quidam

162 825 190 873 5
210 806 569 867 Graecorum
609 811 902 866 auctores
938 802 1232 885 οἴστρους
1273 806 1626 884 appellant,
1667 806 1751 867 ab
1782 825 1857 866 eo
1889 806 2063 885 quod
2099 806 2427 884 exagitent

208 932 306 973 nec
351 911 681 991 patiantur
731 912 1027 972 examina
1078 912 1538 991 conquiescere.
1600 912 1819 991 itaque
1870 912 2269 991 praecipiunt
2321 931 2429 973 eos

206 1019 448 1079 enecari.

276 1126 368 1185 Ab
399 1131 626 1185 exortu
659 1124 1079 1203 Vergiliarum
1111 1124 1196 1185 ad
1227 1124 1595 1196 solstitium,
1630 1125 1806 1204 quod
1838 1125 1916 1185 fit
1949 1124 2179 1186 ultimo
2212 1143 2427 1185 mense
2449 1132 2484 1194 5

206 1231 372 1292 Iunio
408 1231 574 1292 circa
612 1238 912 1291 octauam
950 1237 1202 1310 partem
1241 1231 1484 1302 Cancri,
1526 1231 1655 1292 fere
1695 1231 2066 1292 examinant
2107 1231 2255 1292 alui.
2297 1250 2427 1310 quo

120 1357 185 1393 10
204 1345 470 1416 tempore
511 1337 953 1398 uehementius
993 1336 1300 1398 custodiri
1342 1337 1599 1408 debent,
1644 1353 1723 1398 ne
1764 1356 1971 1398 nouae
2012 1337 2265 1398 suboles
2307 1336 2427 1398 dif-

201 1443 452 1522 fugiant.
480 1450 749 1523 tumque
774 1450 1033 1522 peracto
1057 1444 1334 1504 solstitio
1357 1463 1561 1522 usque
1585 1444 1670 1504 ad
1693 1451 1909 1504 ortum
1934 1443 2289 1514 Caniculae,
2318 1443 2429 1522 qui

201 1550 316 1610 fere
345 1550 476 1611 dies
507 1549 771 1629 triginta
801 1556 973 1621 sunt,
1007 1549 1248 1629 pariter
1276 1556 1340 1611 et
1374 1549 1699 1610 frumenta
1729 1558 1794 1610 et
1827 1550 1959 1610 faui
1991 1550 2425 1610 demetuntur.

197 1656 300 1717 sed
320 1656 383 1716 hi
406 1656 950 1735 quemadmodum
975 1656 1115 1717 tolli
1138 1656 1413 1717 debeant
1438 1675 1590 1717 mox
1616 1656 1881 1727 dicetur,
1907 1675 2053 1717 cum
2079 1656 2157 1716 de
2181 1655 2429 1717 confec-

199 1771 334 1824 tura
381 1763 583 1824 mellis
632 1762 1112 1842 praecipiemus,
1168 1769 1450 1824 ceterum
1500 1762 1623 1823 hoc
1673 1763 1897 1823 eodem
1950 1770 2235 1841 tempore
2285 1781 2428 1841 pro-
2450 1757 2488 1817 6

108 1888 174 1937 15
193 1888 478 1947 generare
504 1888 687 1947 posse
714 1888 867 1948 apes
892 1869 1162 1930 iuuenco
1188 1876 1540 1948 perempto,
1575 1869 1981 1929 Democritus
2006 1876 2071 1929 et
2101 1870 2287 1948 Mago
2313 1886 2430 1929 nec

192 1975 395 2036 minus
444 1975 755 2054 Vergilius
804 1975 1241 2054 prodiderunt.
1298 1976 1484 2055 Mago
1535 1975 1795 2054 quidem
1846 1974 2180 2036 uentribus
2230 1974 2430 2035 etiam

196 2082 438 2143 bubulis
463 2082 632 2142 idem
659 2081 795 2142 fieri
822 2082 1146 2152 adfirmat,
1174 2101 1370 2161 quam
1403 2081 1717 2142 rationem
1744 2081 2110 2160 diligentius
2134 2081 2430 2160 prosequi

189 2206 649 2267 superuacuum
678 2194 858 2267 puto,
879 2188 1282 2249 consentiens
1307 2188 1510 2259 Celso,
1532 2188 1645 2267 qui
1671 2187 2161 2267 prudentissime
2188 2188 2281 2248 ait
2301 2207 2428 2248 non

188 2302 371 2356 tanto
400 2294 664 2355 interitu
694 2313 887 2374 pecus
916 2294 1091 2355 istud
1123 2294 1338 2355 amitti
1366 2301 1440 2355 ut
1471 2294 1561 2355 sic
1590 2294 2039 2374 requirendum
2069 2295 2172 2356 sit.

259 2489 358 2538 2-7
390 2476 601 2525 Pallad.
637 2475 685 2534 6,
711 2490 806 2531 10:
854 2477 933 2538 etr
990 2477 1138 2540 Verg.
1170 2491 1342 2540 georg.
1376 2489 1428 2537 3,
1452 2477 1556 2538 148
1606 2481 1656 2526 et
1704 2477 1854 2528 Ptin.
1888 2482 2004 2526 nat.
2037 2491 2121 2533 Π,
2147 2489 2216 2539 47

189 2566 359 2626 13-16
391 2565 471 2626 cfr
528 2566 695 2614 Varro
744 2570 874 2615 rust.
919 2578 972 2626 3,
995 2565 1078 2622 16,
1103 2578 1163 2627 4,·
1222 2566 1369 2629 Verg.
1401 2580 1569 2629 georg.
1604 2578 1653 2627 4,
1678 2566 1951 2627 284—285:
2002 2565 2153 2615 Ovid.
2189 2570 2307 2615 met.
2342 2577 2426 2627 15,

178 2654 458 2717 364-367:
490 2653 637 2703 Plin.
664 2659 773 2702 nat.
801 2668 885 2711 ΙΙ,
909 2667 1005 2717 7ο,·
1038 2654 1313 2704 Nicander
1340 2655 1493 2704 Ther.
1521 2667 1796 2717 740—74r,·
1823 2653 2041 2704 Aelian.
2072 2667 2121 2712 2,
2144 2666 2211 2716 57
2223 2668 2243 2710 ,·
2268 2655 2427 2719 Geop.

181 2754 269 2804 15,
292 2756 341 2800 2,
364 2754 539 2804 21—25
577 2744 649 2806 (u.
676 2743 778 2791 RE
808 2755 858 2804 3,
888 2756 1016 2806 434,·
1050 2744 1133 2792 Μ.
1169 2743 1484 2800 Wellmann,
1520 2744 1626 2793 Die
1659 2743 1918 2806 Georgika
1950 2743 2039 2793 des
2073 2744 2426 2801 Demokritos,

179 2845 340 2895 1921,
375 2838 429 2896 p.
462 2845 532 2894 24
561 2837 609 2880 et
637 2842 736 2894 57:
767 2832 942 2881 Linde
977 2838 1032 2897 p.
1069 2832 1154 2894 16)

258 2987 281 3021 1
318 2974 534 3023 hisdem
564 2968 616 3022 A
643 2978 692 3023 et
718 2968 771 3022 R.
801 2973 1035 3038 plerique
1067 2974 1274 3023 eisdem
1304 2982 1340 3031 n
1517 2975 1616 3038 qui
1646 2968 1876 3042 odqqnx¹
2093 2987 2122 3022 2
2156 2974 2426 3037 tempore]

174 3076 379 3126 genere
409 3060 539 3131 qnxl
700 3064 759 3111 in
789 3057 842 3111 R.
865 3066 923 3111 et
945 3056 1098 3131 utp
1265 3076 1296 3124 3
1322 3066 1454 3112 sunt
1479 3057 1582 3112 AB
1604 3064 1724 3112 sani
1746 3057 1782 3112 8
1947 3077 1979 3124 4
2004 3064 2219 3125 uerum]
2246 3075 2431 3111 rerum

172 3150 310 3220 91111
529 3151 756 3216 quidem
798 3146 851 3200 R.
894 3151 1098 3216 aliquot
1344 3165 1374 3213 5
1408 3164 1665 3213 οιστρους
1709 3152 1796 3201 uel
1828 3152 1951 3201 sim.
1983 3146 2431 3209 mmmmm

172 3257 282 3291 om.
316 3258 375 3291 u.
397 3246 481 3304 sp.
501 3256 544 3289 r.
575 3235 628 3289 R.
820 3242 854 3288 6
884 3254 954 3288 ne
985 3225 1049 3309 ψ
1082 3254 1262 3304 neque
1293 3235 1442 3311 (³qu
1634 3254 1663 3303 7
1694 3242 1879 3290 necari
1907 3250 1939 3288 8
1970 3242 2182 3290 nectari
2210 3238 2247 3291 ⁸
2276 3255 2430 3290 enes-

169 3330 292 3379 cari
325 3337 389 3377 οι

249 3419 283 3466 8
318 3418 663 3480 uirgiliarum
692 3413 745 3467 R.
792 3418 995 3480 aliquot
1207 3431 1243 3477 9
1274 3421 1479 3467 octauo
1506 3420 1564 3467 in
1600 3422 1817 3482 partem
1847 3412 1899 3466 A
2118 3432 2183 3467 ιο
2214 3420 2432 3468 soboles

165 3492 625 3577 δ’ὶφψαγοωβ
808 3520 868 3554 12
903 3507 1113 3570 pariter
1143 3510 1201 3555 et
1231 3501 1283 3555 A
1312 3510 1473 3571 pater
1503 3511 1561 3556 et
1590 3502 1626 3557 8
1657 3509 1870 3572 pariter
1896 3503 1949 3557 R.
2126 3508 2433 3557 demuntur

164 3591 262 3647 SA
453 3608 515 3658 13
548 3595 1005 3644 hiemadmodum
1028 3589 1114 3645 SA
1290 3596 1513 3645 dicetur
1540 3633 1550 3643 .
1583 3633 1594 3644 .
1625 3634 1636 3644 .
1672 3597 1849 3644 mellis
1872 3612 1972 3645 om.
1999 3605 2035 3654 n
2219 3610 2283 3658 14
2313 3602 2433 3662 post

167 3685 363 3734 mellis
380 3685 504 3734 add.
525 3679 790 3734 diceturss
807 3685 1026 3734 dicetur
1041 3698 1172 3733 cum
1191 3698 1360 3748 supra
1376 3678 1493 3753 Atp
1629 3687 1777 3746 cum]
1801 3686 1936 3734 dum
1955 3694 2028 3753 qn
2162 3700 2429 3749 progene-

162 3775 287 3823 rari
323 3769 376 3823 R.
544 3786 608 3834 15
641 3778 891 3837 peremto
920 3767 956 3822 8
1119 3774 1460 3823 democritus
1489 3778 1548 3821 et
1580 3789 1681 3823 om.
1713 3783 1764 3821 w
1923 3788 2127 3837 magno
2155 3768 2298 3843 8A²9

165 3865 244 3913 16
278 3863 536 3925 uirgilius
564 3857 617 3911 R.
664 3862 897 3926 plerique
1114 3861 1425 3924 uentribus]
1462 3864 1748 3912 ueteribus
1776 3870 1812 3919 n
1844 3863 2139 3912 ueneribus
2167 3872 2218 3910 w

164 3966 241 4014 17
276 3952 574 4013 adfirmat]
610 3952 872 4000 desinuat
900 3945 973 3999 A²
1145 3951 1208 3999 18
1240 3952 1677 4014 prudentissima
1705 3945 1757 3999 A
1926 3964 1990 4011 19
2021 3952 2312 4001 interitum
2343 3960 2429 4008 κω

158 4042 448 4090 interitus
485 4048 558 4108 qn
802 4040 944 4088 istut
986 4035 1043 4090 8¹
1291 4041 1481 4089 amicti
1531 4035 1665 4088 Arae
1714 4041 1940 4089 admitti
1992 4025 2291 4109 ψοᾶφηῑβ
2333 4042 2430 4090 ad-

158 4130 345 4178 micti
375 4125 472 4185 qiu

133 4241 171 4289 8
191 4264 241 4271 -
262 4257 436 4299 547543
