3109 5559
1141 879 1415 946 LIBER
1442 880 2064 947 DVODEcles
2091 880 2345 947 HAEC
2375 880 2560 948 CON

1145 1126 1198 1192 I.
1246 1133 1591 1200 Καθολικά
1619 1149 1812 1194 curae
1843 1127 2259 1208 domesticae,
2291 1142 2358 1195 et
2388 1150 2560 1216 prae<

1250 1233 1521 1321 exsequi
1551 1233 1807 1301 debeat.

1107 1340 1198 1406 II.
1247 1339 1833 1415 Quemadmodum
1861 1354 2136 1407 tractare
2167 1340 2403 1407 debeat
2433 1363 2560 1428 pen

1069 1446 1198 1513 III.
1249 1445 1440 1513 Idem
1464 1446 1608 1534 ipse
1633 1469 1803 1534 quae
1821 1461 1888 1514 et
1906 1446 2124 1535 qualia
2142 1469 2299 1514 uasa
2316 1469 2543 1534 parare

1246 1566 1313 1619 et
1341 1552 1647 1639 salgamis
1675 1552 2084 1620 condiendis,

1085 1658 1199 1725 IV.
1248 1658 1835 1734 Quemadmodum
1863 1681 1945 1726 ex
1974 1658 2133 1726 uino
2164 1659 2408 1747 uapido
2438 1679 2560 1726 acew

1119 1765 1199 1831 V.
1248 1764 1835 1840 Quemadmodum
1864 1765 2080 1832 muria
2108 1765 2274 1832 dura
2301 1764 2434 1832 fiat.

1078 1871 1196 1938 VI.
1245 1871 1433 1947 Quae
1467 1894 1585 1959 per
1618 1885 1930 1959 quattuor
1962 1886 2261 1959 tempora
2293 1871 2449 1939 anni
2482 1872 2560 1939 he

1247 1978 1525 2045 modum
1554 1978 1968 2045 condiantur.

1041 2085 1196 2151 VII.
1246 2084 1539 2172 Oxygala
1569 2084 2139 2172 quemadmodum
2167 2083 2300 2152 fiat.

1004 2191 1197 2257 VIII.
1240 2191 1544 2258 Pirorum
1583 2205 1649 2257 et
1688 2191 2013 2258 malorum
2052 2205 2552 2279 ceterorumque

1246 2298 1507 2385 positio.

1076 2404 1196 2471 IX.
1239 2406 1471 2491 Aquae
1502 2404 1791 2471 marinae
1820 2418 1887 2471 et
1916 2426 2124 2491 aquae
2155 2403 2368 2471 dulcis
2396 2417 2560 2471 cocti

1112 2512 1197 2578 X.
1235 2510 1797 2598 Compositiones‚
1831 2510 2077 2598 quibus
2106 2512 2264 2578 uina
2291 2510 2560 2577 condiat

1073 2618 1196 2683 XI.
1241 2616 1673 2684 Curationem
1702 2616 1863 2683 uini.

930 2772 939 2780 .
1033 2724 1195 2790 XII.
1245 2725 1350 2790 De
1382 2723 1577 2790 mella
1604 2738 1671 2791 et
1700 2745 1872 2811 aqua
1899 2723 2114 2790 mulsa
2142 2722 2460 2790 facienda.

994 2830 1194 2896 XIII.
1244 2831 1350 2897 De
1380 2851 1569 2897 caseo
1599 2831 1669 2896 in
1699 2852 1860 2897 usus
1889 2829 2287 2897 domesticos
2315 2851 2554 2897 seruan

1007 2936 1191 3003 XIV.
1241 2937 1347 3004 De
1378 2936 1568 3003 malis
1596 2950 1663 3003 et
1693 2935 1853 3024 piris
1881 2937 1953 3003 in
1981 2936 2118 3003 sole
2148 2935 2490 3003 siccandis,

1046 3044 1193 3110 XV.
1242 3043 1349 3110 De
1378 3041 1522 3110 ficis
1551 3042 1771 3110 aridis.

1004 3149 1191 3215 XVI.
1242 3150 1347 3216 De
1377 3149 1529 3216 uuis
1557 3149 1768 3237 passis
1797 3148 2134 3217 faciendis.

966 3256 1193 3322 XVII.
1242 3256 1348 3323 De
1378 3269 1563 3323 aceto
1592 3254 1877 3323 ficulneo
1907 3255 2230 3323 faciendo.

927 3362 1193 3429 XVIII.
1242 3362 1430 3438 Quae
1460 3362 1835 3429 uindemiae
1864 3363 2311 3450 praeparanda
2340 3362 2492 3430 sint.

999 3468 1191 3535 XIX.
1240 3469 1346 3535 De
1408 3468 1864 3556 compluribus
1925 3468 2276 3557 generibus
2336 3469 2554 3536 condit

1243 3576 1479 3642 uinum
1508 3574 1957 3643 confirmatur.

1039 3682 1193 3748 XX.
1243 3683 1348 3749 De
1379 3704 1572 3770 passo
1603 3681 1925 3749 faciendo.

1000 3788 1192 3854 XXI.
1243 3788 1348 3855 De
1379 3810 1536 3876 sapa
1565 3788 1931 3875 coquenda.

782 3957 1019 4019 Titulus:
1058 3964 1109 4016 L
1147 3964 1341 4029 (Liber
1373 3963 1559 4031 Abiu)
1601 3964 1728 4017 Iuni
1766 3963 2045 4017 Moderati
2083 3963 2422 4017 Columellae
2453 3964 2530 4017 rei

713 4042 976 4105 decimus.
1001 4053 1179 4106 Vilica
1198 4053 1274 4117 (V
1273 4054 1427 4106 ilicae
1448 4053 1528 4117 S).
1554 4053 1725 4106 Liber
1744 4053 1937 4106 tertius
1959 4052 2206 4106 decimus
2226 4053 2362 4106 haec
2382 4053 2550 4106 contii

773 4135 1182 4203 Argnmoenmm:
1204 4160 1316 4207 arg.
1341 4159 1440 4195 om.
1467 4141 1511 4194 λ
1545 4168 1585 4179 -
1619 4141 1981 4195 duodecimus
1999 4141 2127 4194 Ala.
2153 4142 2347 4195 tertius
2370 4141 2549 4194 decim

704 4225 1039 4294 ΡΥ-Αὗργ-
1081 4247 1104 4283 ι
1138 4229 2194 4297 καθολικαδΑὶίοιρίωΙιγωη.ὴρᾳ
2228 4231 2548 4295 -exequil

711 4314 953 4378 nappido
973 4319 1016 4373 S
1037 4319 1206 4385 apido
1225 4319 1301 4372 A²
1323 4319 1489 4373 auido
1509 4319 1587 4372 A·
1608 4345 1647 4356 -
1670 4335 1700 4385 5
1724 4320 1844 4372 uria
1864 4318 1980 4372 S¹A
2000 4346 2039 4357 -
2059 4335 2094 4384 9
2115 4319 2212 4372 hoc
2232 4329 2285 4373 et
2305 4320 2548 4385 scqnoensi

710 4418 747 4431 “
778 4405 1181 4462 condiunturs
1213 4434 1252 4445 -
1292 4426 1350 4461 ιι
1379 4406 2475 4474 Ιιοοιιωφισωὺιιηηυηεοωεν.8Α1ιῇσ
2507 4433 2545 4445 ·-

711 4480 941 4560 QG
964 4498 1131 4551 melle
1153 4511 1189 4564 ρ
1213 4495 1397 4563 melei
1434 4524 1473 4535 -
1512 4513 1575 4562 ¹3
1603 4514 1787 4550 caseos
1811 4496 1852 4550 S
1885 4523 1924 4534 -
1963 4497 2028 4551 16
2052 4497 2326 4551 faciundis
2349 4497 2403 4549 R
2438 4521 2477 4532 -
2518 4513 2539 4547 1

711 4569 751 4622 3
782 4601 820 4613 ··
852 4585 1330 4640 continuamus·
1365 4613 1404 4624 -
1439 4602 1507 4640 22
1524 4585 1675 4638 fruto
1688 4584 1793 4652 ¹⁵05
1825 4612 1864 4623 -
1899 4602 1965 4651 23
1985 4586 2134 4641 fruto
2148 4585 2253 4654 ¹⁵95
2286 4613 2325 4624 -
2359 4585 2546 4646 Neapc
