3109 5559
102 752 138 802 1
277 761 322 802 t
366 738 545 805 Cum
605 739 688 806 de
747 739 959 806 uineis
1017 741 1438 807 conserendis
1495 740 1741 807 librum
1799 764 1837 808 a
1894 764 2001 807 me
2059 742 2400 829 scriptum,
2458 742 2651 809 Publi

9 878 16 915 ι
180 845 463 925 Siluine,
543 846 975 933 conpluribus
1050 847 1528 933 agricolationis
1603 848 1916 914 studiosis
1991 848 2390 934 relegisse<s,
2469 849 2647 929 scio>

7 938 16 1053 ἱ
182 952 519 1039 quosdam
549 967 843 1038 repertos
873 975 1034 1033 esse,
1070 954 1185 1040 qui
1216 968 1428 1020 cetera
1460 954 1733 1041 quidem
1764 969 1987 1021 nostra
2016 969 2363 1042 praecepta
2392 955 2650 1022 laudas-

13 1062 16 1071 '
182 1073 352 1138 sent,
381 1081 597 1125 unum
618 1074 842 1125 tamen
866 1073 1063 1147 atque
1087 1061 1365 1126 alterum
1389 1060 1981 1147 reprehendissent:
2012 1062 2260 1149 quippe
2283 1062 2650 1128 seminibus

12 1182 22 1269 Q
112 1194 138 1242 5
183 1166 532 1232 uineaticis
584 1166 867 1231 nimium
919 1188 1026 1232 me
1080 1165 1448 1253 profundos
1500 1169 1831 1234 censuisse
1883 1167 2024 1234 fieri
2077 1167 2342 1234 scrobes
2394 1168 2650 1234 adiecto

187 1272 513 1339 dodrante
562 1294 762 1360 super
811 1272 1226 1339 altitudinem
1276 1272 1732 1360 bipedaneam,
1786 1296 1987 1361 quam
2021 1274 2255 1340 Celsus
2290 1288 2355 1340 et
2385 1275 2651 1341 Atticus

185 1379 638 1465 prodiderant,
695 1379 1115 1466 singulasque
1169 1379 1563 1445 uiuiradices
1616 1380 1889 1467 singulis
1944 1380 2359 1446 adminiculis
2413 1403 2651 1468 parum

186 1485 551 1572 prudenter
585 1486 1040 1565 contribuisse,
1078 1507 1234 1553 cum
1268 1486 1685 1573 permiserint
1720 1487 1899 1553 idem
1934 1487 2027 1552 illi
2062 1500 2360 1553 auctores
2396 1488 2650 1555 minore

187 1606 463 1678 sumptu
500 1592 780 1679 geminis
818 1592 1105 1659 materiis
1142 1593 1340 1659 unius
1378 1593 1648 1659 seminis
1684 1593 1972 1659 diductis
2011 1593 2145 1659 duo
2184 1594 2497 1661 continua
2532 1617 2652 1681 per

94 1726 149 1761 10
188 1698 489 1765 ordinem
515 1699 755 1765 uestire
780 1699 1194 1786 pedamenta;
1223 1721 1390 1786 quae
1415 1713 1693 1786 utraque
1719 1698 2139 1786 reprehensio
2164 1722 2427 1766 auaram
2443 1701 2651 1787 magis

190 1803 385 1871 habet
416 1805 939 1872 aestimationem
971 1827 1172 1892 quam
1201 1828 1447 1872 ueram.

274 1932 314 1978 2
353 1912 642 1991 Etenim,
689 1926 783 1992 ut,
832 1912 1014 1999 quod
1057 1912 1241 1998 prius
1283 1913 1621 1999 proposui,
1668 1913 1852 1999 prius
1896 1912 2207 1992 refellam,
2255 1913 2310 1979 si
2353 1914 2649 1980 contenti

194 2015 555 2103 bipedanea
589 2017 820 2084 scrobe
854 2017 1061 2084 futuri
1098 2041 1349 2098 sumuS,
1390 2019 1553 2105 quid
1588 2019 1679 2085 ita
1714 2040 2059 2086 censemus
2095 2019 2287 2086 altius
2323 2019 2649 2106 pastinare

193 2136 322 2189 tam
364 2123 605 2189 humili
648 2146 958 2191 mensura
997 2124 1205 2191 uitem
1248 2125 1570 2212 posituri?
1616 2125 1790 2192 dicet
1832 2124 2088 2212 aliquis:
2134 2140 2210 2192 ut
2252 2127 2338 2192 sit
2380 2125 2649 2192 inferior

107 2256 124 2290 1
131 2218 156 2303 ς’
196 2242 408 2296 tenera
457 2230 804 2297 subiacens
851 2245 1042 2312 terra,
1095 2255 1262 2319 quae
1311 2255 1446 2298 non
1495 2246 1707 2298 arceat
1756 2254 1878 2299 nee
1927 2233 2166 2299 duritie
2214 2255 2334 2298 sua
2380 2232 2651 2319 repellat

197 2357 394 2402 nouas
454 2338 817 2424 inrepentis
877 2338 1217 2404 radiculas.
1302 2358 1351 2421 3
1394 2338 1574 2404 istud
1635 2338 1906 2424 quidem
1967 2338 2344 2425 contingere
2403 2352 2642 2425 potest,

37 2426 42 2493 ἶ
199 2442 385 2509 etiam
424 2444 483 2510 si
524 2467 676 2531 ager
717 2444 961 2531 bipalio
1004 2458 1368 2524 moueatur,
1412 2459 1479 2511 et
1521 2444 1928 2531 deprimatur
1967 2444 2218 2511 scrobis
2258 2445 2329 2511 in
2370 2459 2645 2532 regest0,

198 2550 370 2634 quod
397 2565 498 2617 est
529 2549 998 2618 fermentatum
1026 2551 1177 2638 plus
1205 2551 1527 2638 dipondio
1556 2551 1846 2618 semisse.
1878 2574 2034 2618 nam
2062 2573 2323 2638 semper
2350 2551 2421 2617 in
2449 2552 2648 2638 plano

199 2654 432 2722 refossa
455 2671 523 2724 et
550 2671 767 2744 egesta
792 2657 1039 2723 humus
1068 2658 1466 2737 <tumi>dior
1490 2671 1591 2724 est
1617 2680 1818 2744 quam
1843 2658 2085 2745 gradus
2111 2657 2232 2723 soli
2258 2657 2466 2723 crudi.

37 2746 42 2759 ’
108 2784 164 2822 20
279 2782 317 2843 4
357 2764 502 2830 Nec
532 2785 688 2830 sane
709 2764 951 2851 positio
972 2763 1303 2829 seminum
1323 2763 1688 2850 praealtum
1709 2763 1925 2830 cubile
1947 2763 2276 2830 substerni
2300 2764 2645 2844 desiderat,

200 2888 421 2935 uerum
441 2869 709 2936 abunde
730 2884 829 2936 est
846 2870 1377 2957 semipedaneam
1392 2871 1662 2936 consitis
1679 2870 2034 2937 resolutam
2054 2870 2305 2937 uitibus
2321 2876 2645 2950 terra<m>

202 2973 542 3057 subiacere,
589 2999 757 3063 quae
799 2977 984 3043 uelut
1023 2975 1331 3063 hospitali
1371 2990 1569 3063 atque
1610 2977 1809 3042 etiam
1849 2990 2146 3042 materno
2186 2978 2336 3042 sinu
2378 2976 2648 3063 recipiat

204 3077 589 3151 incrementa
623 3083 1001 3150 uirentium.
1038 3083 1417 3170 exemplum
1449 3084 1591 3149 eius
1624 3083 1717 3149 rei
1749 3084 2047 3169 capimus
2078 3083 2149 3149 in
2181 3083 2469 3162 arbusto,
2507 3082 2643 3162 ubi,

267 3287 313 3324 1:
342 3289 375 3327 2
402 3277 683 3342 relegisses
720 3276 798 3329 ed.
804 3287 889 3342 pr.
922 3276 1173 3341 relegisse
1201 3277 1343 3329 SAR
1376 3303 1415 3312 —
1449 3276 1564 3328 scio
1592 3276 1792 3338 addidi,
1823 3292 1921 3327 σπι.
1953 3276 2095 3329 SAR
2124 3277 2480 3340 (correctiones
2508 3275 2648 3328 aliae

194 3357 404 3419 sortasse
422 3368 689 3418 rectiores:
710 3365 950 3418 intellexi
969 3366 1021 3417 h.
1045 3365 1081 3417 1.
1105 3365 1227 3418 add.
1250 3364 1334 3430 ρ’,
1352 3376 1471 3430 post
1491 3365 1763 3429 quosdam
1784 3365 1907 3417 add.
1930 3365 2045 3417 scio
2065 3378 2124 3431 γ,
2140 3375 2261 3430 post
2281 3382 2400 3417 esse
2419 3365 2542 3416 add.
2566 3365 2646 3417 ais

204 3447 378 3515 eei-pr.)
403 3455 520 3507 udde
545 3456 666 3507 diss.
690 3465 783 3519 pp.
815 3466 918 3518 159
945 3472 1017 3519 sq.
1055 3481 1094 3491 -
1130 3471 1159 3519 3
1194 3455 1421 3518 quidem
1445 3453 1575 3506 A¹R
1601 3454 1831 3519 quidam
1856 3453 1970 3506 SA¹
2005 3481 2044 3490 —
2077 3471 2113 3518 4
2141 3454 2578 3518 reprehendisset
2606 3454 2646 3507 S

208 3543 592 3600 reprendissent
629 3543 754 3595 A-
787 3544 822 3596 6
859 3544 1127 3597 dodrante
1162 3543 1382 3609 h'bpyc
1421 3543 1667 3596 adrantei
1704 3541 1993 3607 SAh¹mja
2029 3543 2317 3595 dodrantei
2353 3542 2450 3595 f—
2485 3543 2645 3607 bipe-

209 3622 418 3683 dmeam
446 3631 568 3699 bpc
599 3633 972 3698 bipedaneum
1003 3634 1052 3697 (-
1055 3649 1226 3685 naum
1253 3631 1351 3695 A¹)
1383 3633 1599 3685 SAR—
1634 3645 1667 3696 7
1699 3633 1942 3696 singulas
1973 3631 2108 3685 S¹-
2145 3633 2178 3684 8
2208 3631 2381 3684 iidem
2401 3630 2571 3697 jffiye
2608 3659 2647 3668 —

210 3710 276 3765 illi
296 3715 354 3767 S'
374 3719 461 3772 ille
482 3722 545 3776 S¹
567 3722 663 3775 illa
684 3723 860 3775 AR—
894 3738 927 3786 9
951 3732 1171 3785 sumpta
1194 3719 1513 3785 hatr‘yu-
1548 3721 1780 3786 gemmis
1802 3721 1929 3773 R-
1963 3721 2204 3773 materiis
2226 3722 2392 3774 unius
2416 3720 2645 3773 seminis

211 3815 295 3854 Μ
315 3806 477 3859 AR-
512 3810 766 3864 deductis
786 3810 961 3862 AR-
1002 3825 1066 3861 10
1089 3809 1439 3873 reprehensio
1460 3827 1559 3862 σπι.
1583 3811 1759 3863 AR—
1794 3827 2019 3862 nuaram
2040 3809 2200 3862 Schn.
2226 3810 2465 3862 abiaram
2486 3808 2641 3874 SAhj

211 3891 495 3957 ambiguam
531 3898 875 3963 (ambiariam
909 3897 989 3962 1²¹)
1024 3899 1078 3951 R
1107 3908 1229 3963 post
1262 3898 1384 3951 add.
1410 3899 1514 3952 nisi
1539 3900 1844 3963 antiquitus
1867 3899 1940 3951 ita
1964 3899 2146 3951 dicere
2170 3899 2302 3963 (dici
2324 3898 2390 3962 b)
2414 3898 2642 3951 solitum

215 3990 310 4029 erat
338 3981 451 4047 byn
492 4013 531 4023 -
571 4006 592 4040 1
608 4005 632 4040 1
672 3988 1045 4040 aestimatione
1076 3988 1117 4040 S
1151 4014 1190 4024 —
1231 4003 1293 4041 12
1327 3989 1590 4040 contemti
1623 3988 1664 4040 S
1695 3989 1937 4040 eontemi
1968 3987 2043 4039 A¹
2078 4014 2117 4024 —
2158 4004 2218 4052 13
2254 3988 2559 4052 pibedanea
2592 3987 2645 4039 A

212 4086 244 4098 “
277 4082 329 4131 ι5
360 4076 576 4137 sepellat
597 4075 717 4129 S¹A
751 4103 790 4112 -
830 4077 893 4129 16
916 4077 1050 4129 istut
1071 4077 1134 4130 S¹
1169 4103 1208 4113 —
1242 4077 1521 4129 continere
1542 4078 1647 4130 AR
1681 4104 1720 4114 -
1761 4090 1824 4141 17
1849 4077 2053 4129 bibalio
2075 4076 2167 4130 SA
2200 4103 2239 4113 -
2279 4077 2341 4129 18
2365 4076 2654 4140 dipundio,

213 4149 344 4218 ᾸΙΆῘΟ
367 4161 647 4227 dupondio
670 4164 716 4217 λ
749 4191 788 4201 -
827 4181 890 4229 19
915 4166 1118 4218 refossa
1141 4176 1196 4218 et
1222 4165 1381 4218 Schn.
1409 4166 1620 4218 refusos
1644 4167 1743 4218 sed
1765 4166 1909 4219 SAR
1937 4193 1976 4202 -
1997 4166 2201 4219 humus
2225 4166 2490 4219 tumidior
2506 4164 2640 4218 Ald.

215 4236 391 4299 huma,
427 4252 544 4306 dior
573 4255 892 4319 (iucundior
917 4257 974 4321 ρ)
1004 4253 1265 4319 8Αὴ1ἱλσ
1286 4255 1568 4308 humidior
1593 4254 1720 4320 h’c'
1749 4282 1788 4291 -
1811 4271 1881 4309 zo
1904 4272 2006 4307 nec
2027 4254 2183 4320 Abia
2198 4271 2367 4319 quam
2388 4254 2428 4307 S
2451 4270 2522 4306 ne
2546 4253 2588 4305 λ
2609 4281 2648 4291 -

217 4335 480 4392 Poetaltum
506 4343 560 4395 R
592 4371 632 4381 -
668 4360 733 4396 21
759 4355 960 4396 terram
979 4358 1064 4411 γρ
1085 4356 1228 4397 terra
1247 4345 1390 4398 SAR
1424 4372 1461 4381 -
1486 4360 1554 4398 22
1576 4344 1881 4397 subiaceret
1899 4347 2139 4414 SAhM‘y
2160 4370 2198 4380 -
2221 4359 2288 4407 23
2310 4344 2646 4396 incrementa

219 4419 275 4478 *Ρ
303 4420 603 4485 incrementi
627 4434 803 4498 (-tum
826 4434 887 4497 a)
910 4433 1052 4487 SAR
1084 4460 1124 4470 —
1157 4434 1438 4498 capiamus
1459 4435 1564 4487 AR
1598 4460 1636 4470 -
1670 4446 1740 4497 27
1764 4433 2000 4486 demissa
2023 4447 2066 4500 γ
2088 4433 2336 4485 demessa
2359 4432 2400 4484 S
2419 4432 2647 4484 dimissa

230 4540 461 4600 5‘571283

37 2868 48 2921 l

40 3022 56 3113 ἲ

44 3164 52 3223 Ι

44 3310 54 3349 ι

49 3464 56 3501 ι

52 3604 66 3653 l
