3109 5559
982 217 1096 263 nm
1129 217 1451 264 RvsrrcAE
1482 218 1614 264 LIB.
1648 218 1724 264 rx
1755 219 1812 265 c.
1850 215 1925 280 15
2467 217 2581 280 115

336 384 631 441 ramento
663 387 761 442 est
792 399 975 460 opus,
1009 387 1085 442 ut
1117 380 1389 442 aduersa
1419 380 1632 442 fronte
1662 380 1929 461 inpressi
1961 381 2353 444 desecentur.
2387 380 2582 442 eximi
2607 389 2683 433 10

335 492 558 547 autem
590 486 826 549 debent
857 492 1106 548 ueteres
1135 487 1239 548 uel
1269 486 1504 558 uitiosi,
1538 492 1604 548 et
1636 486 1908 567 relinqui
1937 487 2216 549 maxime
2245 486 2477 567 integri
2507 505 2583 550 ac

333 592 521 653 melle
559 592 730 672 pleni
766 599 833 654 et
871 592 925 654 si
962 592 1076 672 qui
1112 599 1332 655 tamen
1371 594 1579 673 pullos
1615 593 1968 665 continent,
2007 599 2084 656 ut
2122 593 2402 655 examini
2438 612 2583 674 pro-

332 698 698 778 generando
726 705 1148 761 reseruentur.

274 824 311 871 5
417 805 643 867 Omnis
682 805 911 867 deinde
950 805 1137 885 copia
1176 805 1473 867 fauorum
1512 806 1898 868 conferenda
1937 811 2034 868 est
2075 806 2142 868 in
2182 826 2332 868 eum
2370 807 2583 868 locum

331 911 400 972 in
430 930 560 990 quo
588 912 715 972 mel
741 911 1054 974 conficere
1082 913 1278 984 uoles,
1309 911 1694 992 linendaque
1722 919 1874 974 sunt
1904 912 2239 993 diligenter
2266 912 2584 974 foramina

334 1018 660 1098 parietum
707 1025 774 1080 et
820 1018 1264 1090 fenestrarum,
1313 1038 1394 1080 ne
1439 1019 1600 1098 quid
1645 1019 1728 1082 sit
1776 1019 2007 1099 apibus
2054 1019 2367 1099 peruium,
2418 1038 2584 1102 quae

332 1126 518 1187 uelut
566 1124 833 1187 amissas
878 1144 1032 1205 opes
1076 1144 1226 1187 suas
1273 1124 1685 1204 pertinaciter
1728 1125 2052 1205 uestigant
2099 1131 2164 1187 et
2212 1131 2585 1205 persecutae

333 1237 745 1293 consumunt.
784 1230 1007 1312 itaque
1043 1251 1123 1293 ex
1160 1231 1386 1293 iisdem
1422 1233 1614 1294 rebus
1649 1232 1867 1294 fumus
1902 1232 2102 1294 etiam
2137 1231 2204 1294 in
2241 1232 2426 1294 aditu
2462 1231 2585 1293 loci

232 1337 666 1412 rlofaciendus
730 1344 848 1409 est,
916 1338 1029 1418 qui
1092 1338 1422 1418 propulset
1486 1338 1728 1400 intrare
1794 1339 2195 1419 temptantis
2263 1344 2584 1406 castratae
2607 1350 2681 1394 11

332 1444 569 1506 deinde
608 1443 740 1506 alui
777 1444 832 1506 si
870 1464 1037 1524 quae
1076 1452 1475 1507 transuersos
1514 1444 1701 1507 fauos
1739 1445 1805 1506 in
1845 1445 2030 1507 aditu
2068 1445 2403 1507 habebunt
2433 1463 2584 1506 con-

332 1551 686 1613 uertendae
735 1558 944 1623 erunt,
996 1557 1072 1614 ut
1124 1551 1373 1613 alterna
1417 1551 1556 1613 uice
1594 1551 1972 1631 posteriores
2010 1558 2228 1631 partes
2262 1551 2585 1613 uestibula

333 1657 523 1719 fiant.
561 1658 651 1720 sic
686 1657 857 1718 enim
892 1657 1182 1737 proxime
1216 1677 1365 1748 curn
1400 1658 1876 1730 castrabuntur,
1912 1664 2161 1720 ueteres
2196 1657 2415 1738 potius
2450 1656 2585 1718 faui

332 1782 532 1844 quam
595 1763 748 1825 noui
808 1763 1193 1836 eximentur,
1244 1783 1552 1844 ceraeque
1612 1764 2116 1837 renouabuntur,
2178 1783 2344 1844 quae
2396 1768 2585 1826 tanto

229 1889 309 1939 15
330 1870 680 1932 deteriores
703 1877 856 1932 sunt
880 1876 1128 1951 quanto
1152 1871 1554 1933 uetustiores
1583 1871 1759 1951 quod
1782 1871 1836 1933 si
1859 1871 2026 1934 forte
2049 1870 2293 1932 alnaria
2317 1870 2585 1934 circum-

331 1982 586 2040 structa
611 1983 677 2039 et
706 1977 1060 2039 immobilia
1086 1977 1344 2048 fuerint,
1372 1996 1562 2039 curae
1588 1977 1709 2040 erit
1735 1977 1922 2040 nobis
1947 1982 2022 2039 ut
2048 1996 2299 2056 semper
2324 1977 2519 2038 modo
2546 1996 2587 2037 a

330 2084 683 2164 posteriore
713 2083 906 2145 modo
938 2103 977 2145 a
1008 2083 1222 2163 priore
1252 2090 1436 2163 parte
1466 2089 1848 2147 castrentur.
1880 2083 2075 2163 idque
2105 2083 2245 2145 fieri
2275 2088 2428 2145 ante
2459 2082 2586 2145 diei

334 2189 636 2270 quintam
688 2190 914 2251 horam
965 2189 1248 2262 debebit,
1301 2190 1531 2252 deinde
1583 2190 1787 2270 repeti
1836 2190 1942 2252 uel
1991 2197 2138 2270 post
2191 2209 2430 2251 nonam
2481 2189 2585 2251 uel

236 2271 315 2354 Ἃ
336 2301 598 2376 postero
626 2315 834 2358 mane.

223 2442 312 2478 20
419 2402 545 2465 Sed
583 2409 1022 2482 quotcumque
1060 2402 1196 2464 faui
1233 2409 1384 2464 sunt
1425 2401 1717 2475 demessi,
1758 2402 1983 2465 eodem
2023 2402 2126 2464 die
2165 2403 2321 2465 dum
2359 2407 2583 2481 tepent
2608 2415 2682 2460 12

332 2508 647 2572 conficere
674 2509 803 2570 mel
829 2508 1151 2571 conuenit.
1181 2508 1498 2589 saligneus
1522 2510 1755 2590 qualus
1780 2509 1888 2571 uel
1913 2509 2095 2571 tenui
2119 2509 2358 2572 uimine
2383 2508 2587 2570 rarius

411 2709 606 2770 5-116:
629 2721 696 2758 ιο
725 2707 940 2758 Pallad.
973 2721 1024 2772 7,
1047 2720 1098 2771 7,
1116 2720 1152 2770 3

415 2899 439 2934 1
475 2889 594 2948 post
642 2886 981 2936 ferramento
1028 2886 1153 2936 add.
1184 2891 1283 2950 per
1328 2886 1445 2936 diu.
1498 2887 1654 2952 quod
1701 2887 1881 2937 simile
1934 2887 2009 2951 (u.
2033 2887 2121 2951 17)
2155 2925 2167 2937 .
2199 2925 2211 2938 .
2239 2924 2252 2937 .
2308 2887 2589 2952 scalprato

331 2973 678 3024 ferramento
704 2984 745 3024 n
960 2991 993 3039 4
1027 2980 1340 3026 reseruetur
1367 2970 1424 3025 81
1458 2979 1752 3026 seruentur
1779 2970 1831 3024 A

411 3076 443 3125 5
474 3063 677 3113 deinde
724 3080 826 3115 om.
859 3059 1128 3135 odqssonx²
1344 3066 1380 3114 6
1410 3066 1770 3129 liniendaque
1815 3061 1883 3115 εἰ
1931 3064 2156 3115 linendo
2185 3078 2296 3129 que
2324 3058 2376 3112 A

335 3165 368 3215 7
404 3152 530 3216 quit
558 3147 618 3202 81
835 3154 1038 3205 auibus
1066 3162 1116 3225 Y
1331 3152 1364 3202 8
1396 3155 1632 3204 omissas
1659 3147 1711 3201 A
1801 3199 1804 3204 .
1907 3157 2278 3219 persequutae
2307 3148 2357 3203 B
2388 3152 2590 3218 aliquot

333 3255 371 3302 9
404 3241 598 3306 itaque
627 3255 699 3291 ex
726 3277 743 3291 .
771 3279 782 3291 .
811 3278 824 3291 .
857 3243 1196 3307 temptantis
1224 3258 1327 3293 om.
1359 3237 1433 3291 A¹
1649 3242 1869 3292 hisdem
1896 3236 1970 3290 A⁸
2000 3248 2048 3293 et
2075 3238 2128 3292 R
2156 3242 2394 3307 plerique

333 3330 501 3380 adito
529 3325 1023 3389 h¹kmd²q¹oefiuy¹
1053 3332 1252 3382 addito
1280 3325 1300 3387 i
1334 3333 1534 3382 audito
1563 3329 1861 3400 oq²uqnx¹fl
2036 3345 2100 3381 ro
2131 3331 2418 3396 propulset
2447 3315 2590 3401 Α1ψ

328 3414 581 3476 gom
610 3421 937 3484 propulsent
979 3416 1088 3472 SA·
1117 3420 1482 3490 αφωκφι1
1514 3421 1774 3485 propulse
1801 3427 1839 3477 ς
2054 3420 2353 3470 temtantis
2380 3414 2441 3469 st
2469 3424 2589 3470 ten·

331 3509 522 3558 tantis
547 3516 632 3558 wo
661 3512 952 3560 tentantes
979 3505 1039 3568 in
1068 3513 1418 3574 temptantes
1446 3519 1520 3579 qn
1677 3523 1735 3558 11
1771 3509 2153 3559 conuertenda
2175 3516 2225 3579 Y
2252 3509 2384 3573 (exc.
2408 3504 2449 3571 t)

339 3609 409 3648 12
440 3598 722 3648 uestibulo
748 3592 869 3649 SA·
892 3600 1098 3649 nebula
1121 3607 1186 3649 ω
1357 3613 1421 3661 13
1452 3613 1586 3649 cum
1607 3614 1709 3649 om.
1733 3592 1820 3648 SA
1989 3603 2206 3649 ueteres
2231 3636 2243 3647 .
2272 3636 2284 3648 .
2313 3635 2326 3647 .
2359 3611 2590 3648 renoua-

331 3688 554 3738 buntur
583 3702 688 3738 om.
721 3681 843 3745 flAy
1026 3701 1088 3750 15
1119 3689 1365 3739 aluearia
1392 3683 1445 3737 R.
1626 3690 1693 3738 16
1723 3701 1758 3736 a
1788 3703 1891 3739 om.
1921 3694 2008 3758 ογ
2190 3701 2255 3749 17
2287 3688 2591 3751 posteriore

336 3777 514 3826 modo
542 3791 644 3828 om.
676 3784 713 3826 8
869 3778 1041 3827 modo
1069 3792 1105 3827 a
1136 3778 1317 3842 priore
1348 3793 1451 3828 om.
1482 3772 1539 3827 81
1695 3791 1733 3825 a
1761 3791 1862 3827 om.
1896 3783 1946 3846 Y
2100 3790 2168 3836 19
2201 3790 2394 3826 manes
2422 3771 2458 3826 8

414 3864 498 3913 De
530 3866 689 3915 melle
718 3865 1072 3916 conficiendo
1101 3866 1244 3917 rubr.
1275 3862 1300 3916 t
1514 3879 1584 3914 zo
1614 3866 1711 3916 sed
1741 3860 1843 3915 AB
1872 3865 1920 3915 ἀ
1954 3860 1990 3915 8
2198 3865 2591 3930 quodcumque

332 3951 373 4006 8
406 3959 456 4003 et
485 3948 535 4003 B
562 3954 767 4018 aliquot
813 3968 1170 4019 quocumque
1198 3961 1288 4011 ω
1501 3955 1732 4005 demissi
1759 3949 1795 4004 8
1824 3955 2011 4005 dimisi
2038 3948 2090 4002 A
2304 3954 2512 4018 depent
2541 3947 2593 4001 A

524 4057 587 4093 21
622 4044 895 4093 conficere
928 4046 1038 4094 mel
1065 4038 1151 4094 SA
1183 4044 1347 4094 mella
1381 4043 1562 4105 (melle
1591 4039 1644 4107 d)
1679 4043 1953 4093 conficere
1985 4028 2398 4112 ψοᾱειῦῳιἯυ
2430 4043 2594 4092 mella

337 4133 624 4183 conficere
657 4134 769 4183 mel
801 4127 1468 4202 ntpmiussoevvbhyoooe
1646 4134 1945 4183 conueniet
1974 4140 2058 4190 αι»
