3109 5559
888 253 1003 299 nm
1036 253 1359 299 RvsncAE
1394 254 1523 299 Lm.
1559 254 1683 300 v111
1716 254 1774 300 o.
1813 256 1892 318 14
2428 256 2509 318 47

256 423 328 479 et
358 416 801 478 mollissimum
828 423 925 478 est
956 416 1096 478 olus
1122 423 1188 478 et
1217 415 1633 478 libentissime
1661 416 1747 478 ab
1775 416 1874 478 his
1901 416 2131 478 auibus
2159 417 2508 497 appetitur,

254 531 406 587 tum
434 523 631 584 etiam
661 522 854 602 pullis
882 522 1222 585 utilissima
1249 529 1347 584 est
1376 542 1539 584 esca.

347 630 523 691 Haec
553 648 702 691 curn
732 636 1116 710 praeparata
1146 635 1319 701 sunt,
1351 629 1708 691 curandum
1739 637 1836 691 est
1867 636 1941 692 ut
1972 648 2180 691 mares
2209 629 2510 691 feminae-
2529 637 2572 697 3

258 755 388 816 que
417 755 614 815 quam
644 735 1019 816 amplissimi
1048 736 1328 815 corporis
1355 743 1420 797 et
1450 735 1581 797 albi
1610 736 1838 797 eoloris
1864 736 2199 815 eligantur.
2232 754 2384 796 nam
2413 742 2510 797 est

197 859 232 909 5
258 842 439 904 aliud
463 859 663 921 genus
688 843 960 914 uarium,
989 842 1166 921 quod
1191 861 1231 903 a
1258 842 1391 904 fero
1416 842 1788 921 mitigatum
1814 842 2238 904 domesticum
2266 841 2511 903 factum

258 955 382 1010 est.
419 948 488 1010 id
520 968 728 1028 neque
763 967 966 1028 aeque
1000 948 1348 1010 fecundum
1383 954 1480 1010 est
1515 967 1634 1010 nec
1668 956 1806 1010 tam
1841 948 2213 1029 pretiosum,
2252 955 2514 1028 propter

259 1055 440 1135 quod
502 1055 764 1116 minime
827 1054 1242 1116 nutriendum
1306 1062 1424 1116 est.
1492 1055 1822 1116 anseribus
1884 1054 1971 1116 ad
2033 1054 2512 1116 admittendum
2531 1064 2574 1124 4

261 1169 522 1240 tempus
554 1161 963 1240 aptissimum
996 1168 1092 1223 est
1127 1180 1167 1221 a
1199 1162 1449 1232 bruma,
1485 1180 1639 1223 mox
1671 1161 1758 1223 ad
1790 1161 2169 1241 pariendum
2202 1169 2266 1223 et
2303 1160 2388 1223 ad
2419 1161 2514 1221 in-

259 1268 634 1330 cubandum
654 1287 694 1328 a
721 1267 1029 1329 Kalendis
1050 1268 1409 1329 Februariis
1427 1268 1530 1329 uel
1552 1268 1799 1330 Martiis
1818 1287 2020 1348 usque
2041 1269 2126 1329 ad
2145 1267 2511 1338 solstitium,

159 1393 240 1429 10
261 1373 442 1454 quod
466 1373 545 1436 fit
569 1374 800 1436 ultima
824 1381 1008 1454 parte
1032 1374 1267 1435 mensis
1293 1373 1479 1435 Iunii.
1507 1374 1731 1435 ineunt
1757 1382 1978 1436 autem
2002 1393 2151 1445 non,
2177 1381 2250 1435 ut
2277 1372 2516 1453 priores

261 1499 419 1542 aues
452 1480 530 1542 de
564 1479 799 1560 quibus
831 1479 1130 1552 diximus,
1167 1480 1536 1542 insistentes
1567 1481 1767 1552 humi,
1802 1500 1956 1542 nam
1989 1480 2117 1542 fere
2150 1479 2215 1540 in
2250 1480 2515 1541 flumine

263 1593 383 1648 aut
426 1585 684 1666 piscinis
725 1587 793 1648 id
836 1586 1100 1658 faciunt;
1144 1586 1556 1666 singulaeque
1598 1594 1700 1649 ter
1738 1607 1910 1649 anno
1951 1587 2231 1667 pariunt,
2277 1586 2330 1648 si
2371 1605 2517 1667 pro-

264 1694 614 1755 hibeantur
648 1693 818 1754 fetus
850 1712 998 1755 suos
1031 1694 1362 1764 excudere,
1399 1694 1574 1773 quod
1607 1693 1810 1772 magis
1842 1693 2101 1772 expedit
2136 1711 2335 1772 quarn
2368 1711 2516 1753 cum

262 1801 442 1879 ipsae
470 1819 620 1862 suos
649 1799 891 1860 fouent.
924 1818 1077 1860 nam
1105 1806 1170 1860 et
1200 1820 1241 1860 a
1268 1799 1518 1879 gallinis
1545 1799 1771 1861 melius
1798 1800 2210 1861 enutriuntur
2237 1806 2301 1861 et
2330 1799 2515 1877 longe
2535 1804 2573 1868 5

164 1925 240 1973 15
264 1907 473 1968 maior
503 1926 657 1986 grex
692 1905 992 1968 efficitur.
1029 1906 1287 1985 pariunt
1325 1913 1544 1967 autem
1580 1906 1843 1986 singulis
1878 1905 2116 1968 fetibus
2149 1924 2276 1967 oua
2310 1906 2517 1985 primo

264 2013 486 2093 quina,
522 2013 817 2092 sequenti
849 2019 1184 2092 quaterna,
1220 2012 1568 2074 nouissimo
1601 2020 1803 2074 terna.
1839 2032 2032 2092 quem
2066 2018 2328 2091 partum
2361 2030 2517 2073 non·
2547 2055 2554 2061 ·

262 2119 428 2180 nulli
464 2119 849 2198 permittunt
887 2119 1044 2198 ipsis
1079 2119 1396 2180 matribus
1431 2119 1722 2190 educare,
1761 2119 1914 2198 quia
1951 2119 2193 2199 reliquo
2231 2125 2518 2198 tempore

265 2226 423 2286 anni
462 2232 812 2287 uacaturae
852 2233 1003 2287 sunt
1048 2244 1088 2286 a
1128 2225 1287 2287 fetu.
1330 2225 1594 2287 minime
1635 2233 1855 2287 autem
1897 2224 2376 2287 concedendum
2419 2231 2516 2286 est

266 2331 522 2393 feminis
556 2340 742 2394 extra
771 2339 1027 2411 septum
1058 2351 1299 2411 parere,
1332 2332 1446 2394 sed
1475 2351 1623 2393 cum
1654 2332 2050 2393 uidebuntur
2079 2332 2295 2393 sedem
2326 2349 2521 2411 quae-

160 2459 243 2495 20
264 2458 426 2510 rere,
476 2438 991 2517 comprimendae
1022 2446 1173 2500 sunt
1206 2446 1403 2518 atque
1435 2438 1874 2518 temptandae.
1909 2457 2062 2499 nam
2092 2438 2146 2500 si
2178 2437 2524 2517 adpropin-

268 2551 434 2624 quat
477 2551 721 2624 partus,
763 2544 965 2625 digito
1005 2551 1362 2624 tanguntur
1400 2563 1544 2616 oua,
1588 2564 1753 2625 quae
1792 2552 1944 2606 sunt
1984 2544 2050 2605 in
2091 2545 2298 2623 prima
2337 2550 2521 2623 parte

341 2758 443 2807 3-5
487 2745 653 2793 Varro
701 2750 831 2794 rust.
881 2757 934 2806 3,
957 2757 1043 2802 ιο,
1077 2757 1139 2800 2:
1190 2744 1405 2794 Pallad.
1443 2758 1492 2803 ι,
1514 2757 1603 2806 3ο,
1626 2758 1687 2800 1,·
1737 2745 1899 2809 Geop.
1949 2757 2035 2807 14,
2059 2756 2200 2802 aar

264 2847 374 2897 7—9
416 2834 581 2883 Varro
628 2838 759 2883 rust.
805 2845 858 2894 3,
881 2847 966 2890 ιο,
988 2846 1022 2894 3
1077 2833 1176 2896 (cfr
1222 2834 1391 2890 Goett,
1444 2834 1759 2894 Festschrift
1807 2833 2056 2897 Judeich,
2109 2847 2265 2896 1929,
2317 2839 2373 2897 p.
2409 2835 2523 2894 52);

262 2921 487 2972 Pallad.
523 2936 574 2980 ι,
596 2935 684 2984 3ο,
706 2935 738 2971 2
961 2936 1129 2971 10—12
1173 2922 1339 2972 Varro
1378 2928 1510 2972 rust.
1544 2935 1595 2984 3,
1618 2936 1704 2980 ιο,
1725 2934 1760 2984 3
1982 2936 2149 2985 12—13
2193 2923 2358 2972 Varro
2389 2927 2520 2972 rust.

262 3025 321 3073 3,
344 3025 430 3069 ιο,
450 3025 513 3073 3,·
545 3011 692 3061 Ptin.
726 3017 836 3060 nat.
872 3024 963 3068 ιο,
985 3011 1121 3066 162:
1154 3011 1314 3076 Geop.
1349 3024 1434 3073 14,
1457 3024 1543 3069 22,
1577 3024 1611 3072 3

347 3203 369 3238 1
406 3193 492 3238 est
524 3190 648 3239 olus
686 3193 745 3238 et
768 3189 1159 3250 libentissime]
1186 3194 1243 3237 et
1268 3189 1615 3238 olentissime
1638 3198 1670 3239 ο

343 3291 374 3339 3
406 3281 609 3341 parata
635 3277 810 3341 (prae-
836 3277 962 3339 om.)
989 3287 1023 3335 p
1203 3284 1321 3342 post
1352 3282 1416 3328 ut
1448 3278 1571 3328 add.
1605 3292 1733 3329 esca
1763 3279 1900 3329 haec
1931 3283 2266 3342 praeparata
2295 3278 2371 3328 oe¹

265 3368 591 3431 feminaque
622 3381 724 3415 om.
753 3361 774 3415 l
926 3383 958 3429 4
989 3367 1329 3431 amplissime
1360 3363 1418 3417 8¹
1554 3380 1586 3429 5
1620 3367 1837 3418 factum
1869 3383 1969 3417 om.
2004 3375 2036 3416 ο
2170 3368 2204 3416 6
2233 3382 2410 3432 aeque
2438 3363 2526 3418 ΒΕ

266 3470 381 3520 que
400 3449 506 3504 Aut
526 3471 628 3505 om.
650 3451 738 3505 oin
865 3469 895 3517 7
927 3457 1078 3519 quod
1100 3471 1200 3504 om.
1221 3452 1289 3505 εἰ
1408 3456 1480 3505 ad
1500 3456 1921 3506 admittendum
1939 3451 1990 3504 A
2008 3456 2078 3506 ad
2100 3457 2524 3507 admittandum

265 3540 309 3595 8
337 3544 706 3594 admittendis
728 3539 780 3594 R
801 3545 1139 3594 admittendi
1166 3540 1268 3594 mh
1448 3545 1480 3593 8
1510 3549 1596 3594 αεὶ
1629 3560 1731 3594 om.
1765 3552 1814 3615 γ
1862 3546 1987 3608 (exc.
2021 3541 2062 3608 t)
2107 3550 2191 3594 est
2224 3549 2281 3594 et
2312 3540 2348 3595 Β

266 3649 307 3683 a
337 3648 439 3682 om.
461 3627 563 3683 AB
695 3647 730 3692 9
764 3632 1074 3683 februarias
1092 3628 1165 3681 ΑΙ
1307 3648 1327 3681 1
1344 3648 1363 3682 1
1402 3634 1514 3683 fere
1533 3627 1636 3683 AB
1652 3647 1710 3683 se
1728 3628 1764 3683 Β
1903 3648 1965 3696 13
1990 3636 2297 3686 concudere
2317 3629 2391 3682 Al

266 3723 466 3787 quam]
502 3723 773 3786 quoniam
803 3724 933 3791 91111
1076 3727 1202 3773 tum
1233 3723 1363 3790 qnx¹
1505 3738 1568 3785 14
1600 3723 1716 3786 ipse
1746 3717 1832 3773 SA
1862 3724 1968 3787 ipsi
1997 3718 2049 3772 R.
2182 3738 2216 3773 a
2248 3739 2347 3772 om.
2383 3717 2530 3773 SA·-

488 3811 685 3860 melius
711 3826 813 3860 om.
840 3819 869 3858 r
985 3812 1276 3861 enutriunt
1302 3820 1334 3861 ο
1354 3813 1636 3861 enutritur
1658 3807 1693 3861 8
1716 3813 1964 3861 nutritur
1996 3806 2047 3859 A
2172 3815 2236 3861 16
2259 3817 2526 3876 sequente

269 3906 324 3969 γ
376 3899 502 3961 (exc.
536 3895 578 3962 t)
797 3901 1103 3949 nouissima
1151 3894 1224 3947 ΑΙ
1446 3901 1509 3949 18
1541 3902 1856 3951 uacaturite
1903 3895 1976 3948 Al
2175 3902 2399 3950 minime
2428 3937 2439 3949 .
2470 3939 2480 3950 .
2511 3938 2522 3950 .

268 4001 467 4054 parere
498 4004 600 4039 om.
633 3998 667 4046 p
881 4003 948 4037 20
977 3992 1150 4053 atque
1183 3989 1509 4039 temtandae
1542 4005 1644 4038 om.
1678 3997 1707 4036 ι·
1902 3990 2211 4040 tentandae
2240 3985 2292 4040 R
2321 3990 2526 4054 aliquot

490 4078 948 4142 adpropinquant
999 4077 1105 4138 (uel
1134 4077 1250 4141 ap·)
1284 4073 1336 4128 R
1365 4078 1571 4142 aliquot
1600 4079 1659 4128 id
1690 4078 2105 4142 appropinquat
2130 4087 2161 4128 ο
2182 4078 2524 4143 propinquat

267 4176 302 4215 ι·
336 4167 436 4229 (cfr
462 4167 514 4225 8,
538 4180 624 4224 ιι,
645 4167 700 4229 8)
830 4180 888 4215 21
926 4166 1109 4231 digitu
1142 4161 1216 4214 ΑΙ
1247 4167 1459 4231 digitus
1489 4161 1525 4216 Β
1553 4166 1747 4230 digitis
1776 4175 1812 4224 p
1944 4171 2255 4231 tangantur
2284 4163 2308 4217 t
2336 4183 2439 4217 om.
2464 4162 2530 4216 ht
