3109 5559
179 1616 216 1664 5

670 1024 961 1090 LIBER
993 1024 1303 1090 NONVS
1336 1025 1586 1090 HAEC
1620 1024 2091 1090 CONTINET

508 1278 560 1339 Ι.
607 1278 704 1339 De
742 1277 1004 1339 uiuariis
1041 1276 1358 1339 faciundis
1394 1284 1459 1340 et
1498 1277 1898 1339 includendis
1935 1278 2288 1357 pecudibus
2325 1277 2495 1341 feris.

472 1383 539 1444 11
608 1384 705 1445 De
734 1384 982 1463 apibus,

437 1491 562 1552 ΙΙΙ.
609 1490 782 1570 Quot
803 1509 1034 1570 genera
1053 1490 1182 1551 sint
1202 1490 1444 1570 apium,
1460 1496 1525 1551 et
1546 1490 1724 1570 quod
1736 1509 1817 1551 ex
1832 1490 1931 1551 his
1945 1490 2266 1571 optimum
2279 1510 2499 1570 genus,

400 1596 562 1659 1111.
609 1596 842 1676 Quales
865 1596 1312 1676 pabulationes
1335 1603 1400 1659 et
1427 1597 1540 1676 qui
1565 1596 1728 1658 situs
1751 1597 2123 1677 pastionum
2148 1603 2343 1677 aptus
2365 1616 2503 1660 esse

608 1703 859 1765 debeat.

484 1810 561 1871 V.
608 1810 704 1871 De
732 1809 991 1871 sedibus
1017 1809 1237 1888 apium
1267 1809 1591 1889 eligendis,

320 2010 383 2060 L.
422 2010 543 2073 (om.
575 2004 644 2072 A)
681 2009 810 2059 Iuni
840 2009 1117 2059 Moderati
1147 2009 1447 2060 Columelle
1475 2009 1556 2058 rei
1585 2010 1793 2060 rustice
1815 2010 1956 2059 liber
1977 2009 2230 2060 decimus
2251 2009 2322 2060 de
2345 2010 2504 2060 uilla·

244 2101 379 2151 ticis
407 2099 766 2164 pastionibus
795 2099 1146 2148 macellarius
1174 2103 1233 2146 et
1264 2098 1514 2163 apiarius
1541 2092 1629 2149 SA
1657 2097 1825 2148 Liber
1854 2099 2105 2149 decimus
2136 2098 2285 2150 Iunii
2315 2099 2506 2149 Mode-

244 2190 361 2240 rati
391 2188 689 2238 Columelle
718 2188 798 2237 rei
820 2188 1027 2237 rustice
1050 2186 1121 2237 de
1144 2187 1406 2237 uillaticis
1428 2186 1784 2252 pastionibus
1806 2187 2154 2237 macellarius
2175 2190 2235 2236 et
2257 2188 2509 2252 apiarius

252 2278 571 2343 (actriarius
600 2277 654 2340 ι)
690 2271 765 2326 ab
793 2275 857 2325 L.
892 2275 1019 2326 Iuni
1068 2275 1343 2326 Moderati
1389 2275 1773 2339 Columell(a)e
1816 2276 1895 2325 rei
1924 2275 2213 2340 rustic(a)e
2243 2276 2314 2327 de
2344 2277 2508 2326 uilla-

244 2367 380 2418 ticis
400 2365 755 2431 pastionibus
777 2364 1129 2414 macellarius
1150 2368 1210 2414 et
1233 2365 1482 2428 apiarius
1509 2364 1773 2428 (epiarius
1794 2363 1847 2426 y)
1873 2365 2014 2414 liber
2034 2364 2285 2415 decimus
2303 2365 2508 2430 incipit

252 2457 378 2520 (om.
409 2455 464 2518 1)
500 2455 737 2505 feliciter
771 2455 893 2518 (om.
926 2453 1062 2516 eon)
1097 2447 1401 2510 coturno
1429 2452 1493 2503 L.
1527 2452 1676 2503 Iunii
1707 2454 1988 2503 Moderati
2022 2452 2358 2504 Columellae
2387 2468 2509 2504 ma-

245 2545 504 2595 cellarius
550 2549 610 2594 et
656 2543 906 2607 apiarius
952 2542 1093 2591 liber
1140 2542 1390 2592 decimus
1431 2543 1502 2591 de
1545 2542 1815 2593 uillaticis
1856 2542 2209 2607 pastionibus
2237 2542 2442 2607 incipit
2468 2551 2509 2592 v

246 2633 419 2683 Liber
448 2634 699 2683 decimus
727 2632 807 2680 rei
837 2631 1044 2681 rustice
1074 2631 1145 2679 de
1174 2630 1489 2695 uil(1)aticis
1518 2630 1879 2696 pascionibus
1907 2631 2160 2696 sequitur
2196 2631 2315 2696 (om.
2348 2626 2401 2695 (1)
2436 2626 2510 2689 dn

249 2723 338 2771 De
366 2722 629 2773 uillaticis
661 2720 912 2786 (uiuariis
932 2714 971 2785 l)
998 2719 1351 2785 pastionibus
1374 2720 1727 2769 macellarius
1748 2724 1806 2769 et
1830 2720 2075 2785 apiarius
2096 2720 2236 2770 liber
2256 2720 2509 2771 decimus

246 2812 448 2876 incipit
478 2811 713 2862 feliciter
747 2810 868 2873 (om.
901 2808 951 2871 ο)
985 2802 1038 2865 lo
1068 2808 1274 2872 Incipit
1304 2808 1442 2857 liber
1472 2808 1723 2858 decimus
1753 2809 2082 2859 maceIarius
2108 2813 2168 2859 et
2199 2810 2445 2874 apiarius
2472 2818 2507 2858 8

250 2900 460 2964 Incipit
504 2901 646 2950 liber
690 2899 941 2948 decimus
982 2904 1126 2954 mg
1169 2896 1376 2962 Incipit
1419 2897 1670 2948 decimus
1701 2897 1839 2946 liber
1868 2906 1921 2946 ω
1953 2897 2160 2962 Incipit
2191 2897 2442 2948 decimus
2470 2906 2511 2968 9

464 2987 869 3053 inscriptionem
900 2991 1018 3050 post
1048 2990 1421 3050 argumentum
1454 2980 1923 3055 tpoessoeqblrnae
2098 2986 2507 3051 inscriptionem

246 3093 353 3128 om.
385 3072 738 3134 fficimxtn

321 3165 489 3216 Liber
541 3166 662 3229 (om.
695 3166 743 3229 ι’)
795 3163 1045 3214 decimus
1093 3163 1277 3227 h(a)ec
1330 3163 1456 3227 (hae
1486 3157 1567 3226 ln)
1602 3163 1860 3213 continet
1888 3158 2318 3234 βΔφοοΜτπο
2347 3164 2506 3215 Haec

246 3256 506 3305 continet
534 3250 576 3304 h
605 3255 726 3305 Hec
755 3254 1012 3304 continet
1043 3258 1101 3302 et
1130 3252 1331 3317 incipit
1364 3251 1600 3302 feliciter
1627 3260 1664 3302 ι
1693 3251 1863 3302 Liber
1891 3252 2107 3316 primus
2135 3253 2195 3303 in
2225 3267 2340 3317 quo
2368 3253 2510 3303 haec

247 3349 386 3395 sunt
415 3339 453 3393 (l
481 3344 636 3394 Haec
666 3347 801 3393 sunt
830 3346 1164 3406 argumenta
1193 3342 1375 3392 totius
1405 3341 1572 3391 huius
1601 3340 1803 3392 decimi
1835 3341 1962 3392 libri
1989 3349 2027 3390 v

325 3446 354 3481 2
387 3432 659 3482 faciendis
688 3426 739 3480 A
767 3436 817 3481 et
843 3425 896 3479 R.
925 3430 1165 3494 plerique
1381 3433 1441 3479 et
1472 3445 1574 3480 om.
1608 3437 1644 3479 ο
1830 3430 1962 3479 feris
1991 3430 2302 3495 pecudibus
2328 3431 2509 3481 inclu-

248 3522 452 3572 dendis
478 3515 540 3570 vt
718 3520 869 3581 feris]
908 3518 1042 3568 foris
1071 3513 1143 3567 ΑΙ
1175 3533 1277 3570 om.
1308 3527 1382 3577 up
1573 3532 1604 3581 3
1634 3519 1706 3568 de
1735 3519 1940 3583 apibus
1967 3557 1978 3569 .
2009 3556 2021 3569 .
2051 3556 2063 3569 .
2097 3532 2271 3583 genus
2302 3534 2404 3572 om.
2440 3526 2510 3590 φ

248 3615 371 3675 post
398 3610 604 3660 debeat
654 3610 728 3674 (u.
762 3609 815 3672 6)
848 3603 890 3657 h
1102 3608 1173 3658 de
1203 3608 1424 3671 apibus]
1473 3608 1718 3671 dapibus
1760 3617 1813 3657 ω
1860 3621 1971 3672 que
2020 3622 2055 3658 a
2102 3608 2345 3659 diuersis
2374 3623 2506 3660 auc·

246 3700 471 3749 toribus
521 3699 592 3749 de
622 3698 932 3763 originibus
960 3697 1177 3747 tradita
1206 3700 1340 3747 sunt
1367 3691 1429 3746 vt
1661 3711 1694 3759 4
1723 3698 1886 3761 quot]
1923 3697 2076 3761 quod
2106 3692 2141 3747 8
2364 3703 2511 3762 quot

247 3789 367 3837 sint
402 3787 557 3851 (sunt
578 3782 666 3850 du)
694 3801 897 3852 genera
917 3780 1210 3843 dom
1232 3791 1373 3850 quot
1397 3786 1592 3851 apium
1614 3798 1817 3850 genera
1838 3780 1861 3834 l
2022 3790 2165 3850 quot
2189 3800 2392 3850 genera
2413 3824 2424 3836 .
2453 3823 2465 3836 .
2494 3824 2507 3836 .

249 3890 427 3941 genus
456 3880 575 3941 post
602 3890 723 3926 esse
752 3876 959 3927 debeat
988 3869 1051 3932 in
1228 3875 1441 3939 apium]
1475 3879 1646 3939 aptus
1669 3874 1726 3923 1²
1749 3890 1852 3926 om.
1875 3869 1937 3922 nl
2112 3888 2184 3924 ex
2215 3875 2304 3924 his
2335 3891 2436 3927 om.
2469 3872 2512 3924 ὓ

466 3980 536 4015 ex
566 3966 655 4015 his
685 3965 968 4030 optimum
998 3965 1191 4028 genus]
1226 3964 1507 4028 optimum
1537 3972 1606 4013 ox
1634 3963 1897 4013 omnibus
1925 3958 1947 4011 l
2109 3963 2185 4027 ijs
2214 3958 2307 4021 lm
2337 3964 2418 4013 eis
2446 3972 2513 4013 οι

468 4068 498 4116 5
531 4055 720 4119 aptus]
754 4055 948 4118 apium
976 4048 1050 4102 ho
1266 4054 1300 4101 6
1329 4053 1497 4102 debet
1525 4060 1630 4100 nvr
1658 4051 1902 4101 debeant
1931 4046 1954 4100 l
2169 4066 2200 4116 7
2231 4053 2430 4102 edibus
2458 4062 2513 4103 w

250 4143 480 4208 sepibus
510 4138 548 4192 (l
