3109 5559
1422 80 1540 146 Rei
1572 79 1850 147 rusticae
1879 80 1993 147 lib.
2030 81 2137 147 III
2169 103 2225 147 c.
2257 101 2428 167 9-10
2558 101 2641 168 37

157 272 228 324 et
284 257 879 343 productissimum
926 257 1277 343 flagellum.
1330 280 1487 324 nam
1535 258 1606 324 in
1654 280 1734 324 eo
1784 281 2052 345 quoque
2100 258 2420 324 falluntur
2468 259 2638 345 agri-

156 364 376 443 colae,
413 364 529 430 sed
563 364 801 430 erroris
834 379 935 430 est
966 386 1162 431 causa
1197 365 1409 451 prima
1441 365 1693 451 species
1727 379 1793 431 et
1827 388 2144 432 numerus
2177 388 2480 445 uuarum,
2520 364 2638 452 qui

84 500 112 548 5
160 470 567 557 plerumque
615 471 1018 557 conspicitur
1066 471 1136 537 in
1183 471 1693 558 productissimo
1742 485 2094 538 sarmento.
2147 494 2315 558 quae
2365 494 2466 538 res
2513 494 2638 539 nos

157 578 475 663 decipere
505 600 642 643 non
670 577 887 644 debet:
920 577 990 643 id
1019 578 1199 644 enim
1227 578 1473 645 adcidit
1501 601 1640 645 non
1669 578 1956 664 palmitis
1985 579 2273 665 ingenita
2302 578 2637 645 fertilitate

159 685 284 749 sed
325 683 452 750 loci
495 685 1007 771 opportunitate,
1050 685 1205 771 quia
1244 684 1526 772 reliquas
1565 685 1782 751 trunci
1821 699 2039 771 partes
2078 708 2272 752 umor
2311 685 2530 752 omnis
2571 701 2639 753 et

161 791 585 869 alimentum,
625 790 807 877 quod
844 814 881 857 a
915 792 1056 857 solo
1092 792 1520 871 ministratur,
1557 792 1962 869 transcurrit,
2004 791 2167 857 dum
2204 791 2288 857 ad
2324 792 2638 858 ultimum

167 897 538 982 perueniat.
631 919 671 963 2
715 898 994 964 naturali
1022 898 1202 964 enim
1232 897 1467 985 spiritu
1498 920 1696 964 omne
1727 897 2113 964 alimentum
2142 899 2418 964 uirentis
2450 900 2637 985 quasi

62 1032 122 1068 10
163 1004 501 1089 quaedam
534 1005 753 1070 anima
784 1026 903 1090 per
936 1004 1296 1070 medullam
1327 1005 1546 1071 trunci
1580 1005 1787 1071 ueluti
1819 1004 2052 1083 sifone,
2092 1027 2295 1091 quem
2330 1004 2637 1071 diabeten

165 1125 417 1176 uocant
467 1109 850 1190 mechanici,
904 1111 1186 1177 trahitur
1234 1112 1305 1178 in
1354 1134 1716 1190 summum,
1771 1134 1905 1198 quo
1956 1133 2112 1177 cum
2164 1113 2489 1198 peruenit,
2544 1111 2641 1178 ibi

166 1217 473 1282 consistit
510 1231 707 1303 atque
746 1218 1176 1284 consumitur.
1220 1218 1399 1284 unde
1436 1218 1636 1284 etiam
1672 1218 1980 1284 materiae
2016 1217 2638 1284 uehementissimae

166 1323 590 1408 reperiuntur
618 1338 731 1389 aut
758 1325 828 1389 in
857 1324 1069 1410 capite
1098 1325 1253 1391 uitis
1282 1339 1395 1390 aut
1423 1324 1493 1391 in
1521 1346 1710 1390 crure
1741 1324 1961 1390 uicino
1990 1324 2342 1390 radicibus.
2427 1346 2476 1407 3
2519 1324 2638 1391 sed

166 1442 230 1494 et
266 1429 393 1496 hae
432 1431 705 1509 steriles,
747 1453 915 1517 quae
952 1454 989 1497 e
1028 1431 1196 1498 duro
1235 1432 1537 1510 citantur,
1579 1453 1655 1497 ac
1692 1431 1941 1516 duplici
1978 1453 2059 1496 ex
2097 1453 2290 1497 causa
2328 1431 2637 1497 robustae

73 1563 125 1610 15
168 1550 343 1615 sunt,
382 1536 569 1622 quod
602 1559 639 1602 a
670 1537 811 1603 fetu
842 1551 1080 1603 uacant
1113 1538 1428 1625 quodque
1461 1560 1542 1603 ex
1574 1538 1877 1624 proximo
1907 1551 2115 1604 terrae
2147 1538 2402 1623 integro
2436 1552 2637 1624 atque

176 1641 449 1709 inlibato
478 1665 637 1710 suco
666 1643 953 1724 aluntur;
983 1658 1049 1710 et
1078 1645 1222 1710 illae
1251 1644 1495 1711 fertiles
1524 1667 1600 1711 ac
1626 1644 1874 1724 firmae,
1907 1645 2062 1731 quia
2088 1666 2125 1709 e
2153 1658 2380 1710 tenero
2410 1666 2636 1730 prore-

175 1764 360 1833 punt,
400 1764 471 1816 et
508 1750 847 1837 quicquid,
888 1765 962 1817 ut
998 1773 1197 1837 supra
1233 1750 1388 1830 dixi,
1429 1751 1512 1817 ad
1549 1774 1658 1818 eas
1693 1750 1986 1816 alimenti
2022 1750 2346 1837 peruenit,
2387 1750 2634 1816 indiui-

180 1854 385 1921 duum
432 1871 553 1923 est.
605 1857 858 1924 mediae
906 1872 1062 1923 sunt
1108 1857 1548 1937 macerrimae,
1601 1880 1765 1944 quas
1811 1857 2196 1923 transcurrit
2243 1857 2400 1923 hinc
2446 1871 2633 1943 parte

10 2022 44 2040 ,
180 1961 390 2047 aliqua
419 1962 844 2049 interceptus,
878 1964 1058 2030 illinc
1088 1964 1170 2030 ad
1201 1986 1270 2030 se
1300 1978 1546 2030 tractus
1577 1986 1790 2030 umor.

87 2091 145 2128 20
260 2086 303 2149 4
344 2069 507 2134 Non
533 2068 729 2136 debet
754 2071 952 2156 igitur
976 2070 1288 2138 ultimum
1312 2070 1645 2156 flagellum
1670 2070 1857 2157 quasi
1882 2069 2247 2136 fecundum
2271 2069 2632 2148 obseruari,

184 2173 373 2240 etiam
415 2197 574 2241 cum
617 2176 981 2263 plurimum
1025 2176 1294 2256 adferat,
1341 2177 1672 2264 siquidem
1715 2177 1841 2243 loci
1884 2176 2183 2243 ubertate
2226 2176 2296 2242 in
2340 2175 2637 2242 fructum

189 2280 454 2365 cogitur,
504 2282 619 2348 sed
663 2282 732 2348 id
774 2297 1200 2362 sarmentum,
1247 2284 1430 2370 quod
1472 2283 1691 2349 media
1733 2284 1867 2349 uite
1910 2283 2113 2349 situm
2156 2304 2239 2348 ne
2282 2283 2640 2369 inportuna

188 2387 449 2469 quidem
483 2402 665 2475 parte
696 2389 917 2455 deficit
946 2412 1022 2456 ac
1051 2412 1403 2456 numeroso
1434 2389 1574 2456 fetu
1605 2389 2077 2476 benignitatem
2108 2410 2296 2455 suam
2325 2389 2636 2455 ostendit.

189 2490 290 2557 hic
315 2495 620 2561 surculus
646 2496 995 2562 translatus
1025 2496 1231 2562 rarius
1261 2496 1630 2583 degenerat,
1664 2497 1978 2583 quoniam
2006 2518 2086 2562 ex
2115 2496 2436 2562 deteriore
2464 2509 2638 2561 statu

104 2621 155 2669 25
194 2599 522 2667 meliorem
564 2602 856 2681 sortitur;
901 2603 1041 2670 siue
1084 2603 1264 2669 enim
1306 2603 1633 2689 pastinato
1677 2603 2031 2689 deponitur
2074 2602 2214 2668 siue
2256 2616 2493 2667 trunco
2536 2601 2640 2666 in-

196 2704 437 2787 seritur,
490 2708 878 2794 largioribus
926 2709 1196 2775 satiatur
1244 2709 1590 2789 alimentis,
1643 2732 1845 2796 quam
1894 2709 2097 2795 priuS,
2150 2730 2304 2774 cum
2352 2721 2523 2773 esset
2571 2707 2640 2772 in

13 2840 31 2923 ι
196 2830 407 2895 egeno.
493 2833 543 2896 5
585 2815 807 2901 itaque
847 2815 1315 2895 custodiemus,
1359 2830 1434 2882 ut
1474 2838 1510 2881 e
1552 2815 1902 2902 praedictis
1942 2815 2122 2895 locis,
2168 2837 2336 2902 quos
2375 2836 2642 2879 umeros

195 2919 404 2984 rustici
429 2935 691 3000 uocant,
714 2923 966 2988 semina
984 2922 1295 3008 legamus,
1318 2944 1526 3008 eaque
1544 2936 1767 2989 tamen
1786 2922 2013 2989 tulisse
2032 2921 2326 2987 fructum
2344 2919 2641 2986 animad-

197 3037 535 3107 uertemus;
576 3049 731 3093 nam
769 3029 825 3094 si
858 3028 999 3094 fetu
1034 3051 1244 3094 uacua
1267 3029 1419 3108 sint,
1449 3029 1755 3115 quamuis
1780 3027 2178 3094 laudabilem
2204 3042 2459 3114 partem
2483 3026 2642 3092 uitis

266 3373 345 3412 102
372 3378 402 3415 2
430 3375 585 3427 parte
610 3364 791 3428 scripsi
814 3381 940 3428 pars
968 3376 1050 3416 est
1078 3363 1294 3417 smo
1317 3382 1443 3429 pars
1463 3363 1487 3431 1
1524 3391 1562 3400 -
1598 3381 1628 3429 3
1660 3365 1939 3429 palluntur
1964 3364 2080 3417 S¹A
2112 3391 2151 3401 -
2185 3380 2220 3428 4
2248 3363 2410 3428 primi
2436 3364 2489 3415 A
2522 3390 2561 3400 -
2598 3380 2626 3428 5

26 3442 42 3509 l
203 3448 467 3505 oenficitur
509 3454 551 3506 S
587 3480 626 3489 -
660 3453 719 3506 in
764 3471 861 3505 om.
908 3453 1001 3507 SA
1035 3480 1074 3489 -
1109 3455 1538 3517 prudentissimo
1581 3455 1634 3506 A
1668 3481 1706 3490 -
1741 3455 1774 3506 6
1821 3454 2100 3518 despicere
2144 3452 2413 3517 h¹rr⁸nyo
2447 3479 2486 3489 -
2520 3469 2635 3506 non

205 3533 333 3594 (ατε
379 3541 566 3606 debet)
621 3559 720 3594 om.
775 3543 869 3595 SA
914 3569 952 3579 -
1000 3543 1253 3607 palmites
1304 3542 1421 3595 ΑΒ]
1471 3570 1509 3579 -
1557 3555 1592 3607 7
1646 3544 2016 3608 oportunitate
2068 3540 2356 3607 Ahjmtp·
2399 3569 2438 3578 -
2481 3542 2637 3594 runci

206 3620 305 3675 83¹
335 3653 370 3663 -
402 3629 434 3681 8
458 3632 821 3684 transcircum
844 3632 959 3684 SA¹
993 3658 1032 3667 -
1066 3632 1306 3685 ultmum
1327 3632 1403 3684 A¹
1438 3659 1475 3668 -
1511 3648 1545 3695 9
1570 3632 1866 3696 spirituum
1888 3649 1960 3685 ne
1981 3631 2056 3684 A¹
2091 3659 2130 3668 -
2172 3648 2236 3683 to
2259 3631 2499 3696 quadam
2521 3631 2636 3683 SA¹

28 3740 42 3782 ,
205 3733 238 3744 ·-
267 3714 428 3769 sisone
462 3720 613 3773 Thes.
648 3732 682 3782 5
692 3732 964 3785 :1,939,55
993 3738 1065 3785 sq.
1100 3721 1273 3774 sisons
1303 3722 1343 3774 S
1372 3721 1577 3774 sifonse
1606 3721 1682 3773 A¹
1712 3721 1949 3774 sifonem
1977 3720 2054 3773 A·
2084 3721 2376 3784 siphonem
2404 3721 2457 3771 R
2491 3747 2528 3756 -
2569 3736 2626 3772 11

209 3805 510 3861 mecchanici
532 3810 631 3863 SA
664 3836 703 3846 -
736 3821 911 3862 tratur
930 3810 1006 3862 A¹
1041 3836 1080 3846 -
1115 3811 1425 3874 peruenerit
1446 3810 1576 3862 A¹R
1609 3837 1648 3847 -
1689 3826 1748 3874 13
1775 3811 2163 3874 repperiuntur
2183 3810 2236 3861 A
2269 3837 2308 3846 -
2349 3826 2412 3873 14
2435 3809 2632 3873 stirpes

209 3884 253 3937 R
281 3916 315 3926 -
346 3910 374 3944 e
391 3894 615 3964 mye·
634 3910 688 3951 et
707 3912 741 3963 ρ
762 3916 861 3952 om.
884 3898 991 3963 SAj
1028 3925 1068 3935 -
1101 3910 1326 3952 utantur
1345 3899 1436 3951 SA
1469 3926 1508 3936 -
1543 3916 1606 3951 ac
1626 3917 1724 3951 om.
1746 3900 1799 3950 R
1833 3927 1870 3935 -
1905 3900 2165 3963 probatae
2183 3900 2236 3950 R
2271 3925 2308 3934 -
2349 3914 2408 3962 15
2432 3909 2634 3950 uocant

212 3972 390 4044 ΒΑΡῚΕ
420 4012 457 4022 -
489 3999 742 4053 quotque
762 3989 815 4040 A
849 4015 888 4024 -
928 3989 990 4040 16
1015 3988 1144 4051 quia
1165 3987 1418 4053 ShM¹co
1441 4005 1583 4052 quae
1603 3987 1673 4054 Aj
1699 3988 1794 4052 qui
1813 3987 1909 4052 1⁸5
1931 4005 2040 4052 qua
2061 4002 2095 4053 ρ
2132 4015 2171 4024 -
2206 4005 2236 4039 e
2257 3988 2297 4040 S
2320 3999 2373 4039 et
2394 3988 2447 4038 R
2469 4005 2566 4039 om.
2587 3987 2640 4038 A

213 4086 246 4097 ·
280 4080 334 4130 17
357 4072 603 4131 elementi
629 4078 670 4130 S
703 4105 742 4114 -
782 4078 845 4130 18
871 4078 1162 4129 acerrimae
1187 4078 1227 4130 S
1261 4105 1298 4113 -
1334 4094 1470 4141 quas
1495 4077 1587 4129 SA
1611 4094 1721 4142 qua
1744 4076 1850 4141 hio
1875 4094 2015 4141 quae
2042 4093 2110 4128 m
2136 4078 2266 4141 quia
2290 4075 2333 4129 b
2367 4103 2406 4113 -
2440 4092 2504 4139 19
2528 4075 2640 4128 illic

0 4162 41 4219 ⁵²·
219 4150 262 4202 Α
290 4180 323 4191 -
354 4162 715 4219 adsaman
747 4193 786 4203 -
823 4183 883 4219 21
913 4166 1432 4218 etiamsnetitaA
1465 4193 1504 4202 -
1538 4167 1918 4219 cumSAsiR
1952 4194 1989 4203 -
2025 4165 2641 4219 usedidsnsedita

219 4262 252 4273 ·
279 4260 368 4298 nec
401 4250 451 4303 R
481 4281 518 4292 -
552 4273 625 4319 24
663 4256 850 4319 parius
889 4255 949 4307 S¹
991 4256 1176 4307 minus
1214 4254 1385 4320 h‘fyo
1425 4257 1668 4308 raminus
1707 4254 1775 4306 h¹
1809 4282 1848 4291 -
1883 4271 1947 4319 25
1990 4255 2285 4319 pastinatio
2323 4252 2460 4321 Ab&
2496 4281 2535 4290 -
2571 4255 2639 4307 26

223 4324 506 4395 ¹⁸¹850ribus
549 4345 778 4398 satiatur
807 4363 904 4397 om.
938 4345 1030 4397 SA
1063 4371 1102 4381 -
1138 4357 1206 4409 27
1237 4362 1268 4396 e
1299 4345 1389 4397 SA
1419 4363 1450 4397 a
1478 4346 1531 4396 R
1565 4371 1604 4380 -
1639 4345 1959 4397 humerosos
1989 4345 2042 4395 R
2076 4371 2114 4380 -
2149 4344 2218 4397 28
2251 4359 2423 4407 eaque
2454 4354 2640 4395 tamen

225 4411 300 4468 SA
317 4431 485 4482 tamen
508 4449 650 4498 quae
669 4435 725 4485 R
758 4460 797 4470 -
832 4434 1040 4485 utilisse
1063 4433 1137 4485 A¹
1161 4433 1332 4485 tilisse
1355 4433 1430 4485 A¹
1455 4433 1714 4485 adtulisse
1737 4434 1790 4484 R
1823 4460 1862 4470 -
1896 4432 2384 4485 animaduertimus
2408 4433 2461 4483 R
2494 4458 2532 4468 -
2568 4448 2638 4494 29
