3109 5559
1483 225 1603 293 Rei
1633 225 1911 293 rusticae
1940 225 2054 294 lib.
2090 226 2188 293 IV
2215 249 2272 294 c.
2306 248 2384 314 33
2526 247 2643 315 105

185 427 395 491 genus
422 403 642 470 fissilis
671 404 1056 471 adminiculi
1085 418 1307 471 manet
1336 403 1586 470 diutius
1616 426 1818 490 quam
1846 418 2016 471 teres
2046 405 2254 490 palus.
2342 424 2387 486 5
2431 405 2648 472 cultus

187 512 367 577 idem
406 525 506 578 est
545 511 890 597 positionis
931 511 1046 597 qui
1085 511 1336 576 uineae.
1380 511 1725 598 supputari
1767 510 1964 577 debet
2003 510 2201 589 bima,
2245 511 2409 598 quin
2447 512 2646 578 etiam

185 618 400 684 trima.
435 640 590 684 nam
620 618 724 683 bis
752 617 925 684 ferro
957 617 1313 704 repetenda
1339 631 1440 684 est
1468 617 1656 683 uerni
1687 616 2033 704 principio,
2066 631 2142 684 ut
2170 618 2478 685 incitetur
2506 618 2649 685 eius

78 752 145 803 3⁵
188 724 564 810 proceritas

267 831 495 897 Potest
532 831 732 897 etiam
772 852 1054 918 quercus
1093 830 1290 896 simili
1331 830 1580 897 ratione
1620 829 1767 910 seri,
1810 852 2047 896 uerum
2085 830 2353 897 biennio
2392 831 2646 898 tardius

191 960 393 1024 quam
420 952 717 1004 castanea
746 938 1090 1016 deciditur,
1121 951 1391 1024 propter
1418 937 1601 1024 quod
1628 937 1791 1003 ratio
1819 936 2106 1024 postulat
2132 951 2397 1024 tempus
2424 938 2647 1025 potius

188 1044 445 1124 lucrari,
499 1044 626 1110 nisi
676 1043 940 1110 dumosi
989 1043 1394 1130 glareosique
1446 1057 1706 1109 montes
1756 1057 1953 1130 atque
2003 1066 2079 1110 ea
2127 1066 2366 1130 genera
2412 1058 2645 1124 terrae,

190 1172 357 1237 quae
388 1173 588 1237 supra
618 1150 925 1229 diximus,
959 1150 1267 1236 glandem
1296 1149 1503 1237 magis
1534 1171 1737 1238 quam
1767 1164 2136 1216 castaneam
2166 1150 2617 1235 postulabunt.

75 1287 147 1335 40
275 1260 318 1321 6
361 1257 543 1323 Haec
595 1257 676 1323 de
728 1256 940 1323 uineis
993 1257 1235 1323 Italicis
1286 1257 1762 1343 uinearumque
1812 1257 2265 1323 instrumentis
2317 1271 2646 1344 quantum

188 1385 334 1430 reor
367 1385 504 1429 non
538 1363 854 1429 inutiliter
886 1377 953 1430 et
985 1363 1249 1430 abunde
1285 1363 1583 1443 disserui,
1620 1385 1776 1429 mox
1808 1362 2238 1450 agricolarum
2271 1364 2645 1450 prouincia-

186 1470 353 1536 lium
386 1470 744 1536 uineaticos
779 1491 901 1536 nec
935 1470 1157 1536 minus
1191 1469 1498 1536 nostratis
1532 1483 1600 1536 et
1635 1469 1872 1536 Gallici
1908 1469 2158 1536 arbusti
2192 1470 2409 1536 cultus
2442 1469 2646 1536 tradi-

184 1590 394 1643 turus.

187 1770 535 1822 adminiculis
556 1769 732 1835 sAhy
765 1796 805 1806 —
841 1786 870 1835 3
876 1786 905 1834 3
931 1769 1184 1822 fossionis
1207 1768 1401 1833 b¹fy¹n
1421 1770 1710 1834 positionis
1730 1769 1988 1822 fossionis
2010 1768 2054 1820 h
2076 1768 2330 1822 fossionis
2352 1769 2642 1834 positionis

189 1874 258 1910 m
292 1885 331 1895 -
366 1858 437 1923 36
461 1870 643 1923 potest
666 1859 720 1910 R
743 1870 870 1923 post
893 1859 984 1911 SA
1017 1886 1055 1895 -
1092 1873 1159 1923 37
1186 1859 1399 1911 decitur
1421 1859 1537 1911 S¹A
1561 1859 1761 1912 dicitur
1785 1858 1849 1911 8⁸
1883 1884 1922 1894 -
1956 1859 2129 1911 oratio
2152 1859 2205 1911 Α
2238 1885 2277 1895 -
2305 1859 2372 1922 38
2392 1868 2513 1923 post
2537 1859 2645 1910 nisi

187 1947 309 2000 add.
350 1948 397 1999 si
432 1947 609 2012 himo
640 1974 679 1984 -
714 1948 874 2000 duosi
899 1948 961 1999 S¹
990 1975 1027 1985 -
1052 1964 1119 2012 39
1145 1965 1314 2012 cupra
1337 1947 1452 2000 S²A
1473 1975 1511 1984 -
1530 1964 1599 2012 43
1621 1957 1868 2012 postscr..·
1893 1948 2127 2012 Explicit
2154 1948 2203 1999 L
2227 1947 2421 2011 (Liber
2443 1947 2519 2000 A·
2543 1965 2644 2000 om.

183 2036 283 2100 ΑΙ)
355 2037 483 2089 Iuni
521 2037 800 2089 Moderati
839 2036 1176 2089 Columellae
1213 2037 1290 2089 rei
1328 2037 1560 2089 rusticae
1597 2037 1735 2089 liber
1770 2036 1996 2101 quintus
2034 2037 2173 2089 liber
2208 2051 2252 2090 11
2290 2035 2455 2089 sm
2485 2036 2653 2088 Liber

188 2126 417 2190 quintus
435 2126 514 2178 rei
530 2126 762 2178 rusticae
780 2126 998 2190 explicit
1014 2140 1121 2190 rc·
1138 2126 1306 2178 Liber
1321 2126 1547 2190 quintus
1566 2126 1785 2190 explicit
1802 2124 1845 2178 b
1862 2126 1911 2177 L
1930 2126 2054 2177 Iuni
2072 2125 2350 2178 Moderati
2362 2124 2646 2178 Columel-

189 2215 270 2267 lae
294 2216 437 2268 liber
460 2216 689 2280 quintus
714 2214 933 2279 explicit
960 2230 1029 2266 m
1052 2232 1150 2267 om.
1169 2214 1280 2281 jfiy
