3109 5559
968 216 1080 261 8131
1115 215 1435 262 RVSTICAE
1468 215 1599 261 LIB.
1633 215 1709 260 lx
1740 216 1797 261 C.
1832 216 1991 280 9-11
2501 212 2585 278 95

334 385 532 459 atque
583 379 730 440 hinc
782 378 1061 440 maxime
1111 378 1424 458 probatur
1473 377 1585 457 qui
1636 385 1733 439 est
1784 378 2025 449 melior,
2079 396 2232 438 nam
2284 377 2583 449 deterior,

333 486 591 547 sordido
618 491 812 565 sputo
841 485 1083 557 similis,
1114 491 1253 546 tam
1283 484 1509 546 foedus
1537 491 1634 546 est
1666 504 1862 565 quam

1931 609 2249 688 puluere
2288 610 2382 670 ab
2419 610 2587 671 alto

415 736 582 777 cum
619 717 833 779 uenit
872 723 947 778 et
986 716 1189 778 sicco
1225 723 1510 778 terram
1549 716 1759 795 spuit
1799 735 1924 777 ore
1962 715 2239 788 uiator,

279 877 313 926 5
335 864 421 930 et,
453 864 527 919 ut
557 858 726 919 idem
757 858 871 931 ait,

419 1000 716 1062 desidia
753 1002 1147 1079 latamque
1186 1001 1503 1062 trahens
1542 999 1919 1079 inglorius
1957 1000 2231 1061 aluum.

338 1161 563 1204 omnes
590 1142 784 1222 igitur
813 1143 1006 1204 duces
1033 1150 1226 1204 notae
1256 1142 1585 1203 deterioris

421 1284 609 1345 dede
649 1285 833 1357 neci,
874 1285 1142 1346 melior
1177 1304 1423 1346 uacua
1461 1283 1623 1345 sine
1662 1290 1926 1364 regnet
1967 1284 2041 1345 in
2081 1284 2274 1345 aula.

338 1427 451 1507 qui
480 1433 699 1488 tamen
730 1435 795 1488 et
826 1428 960 1507 ipse
989 1427 1363 1507 spoliandus
1391 1433 1488 1488 est
1521 1426 1657 1497 alis,
1690 1426 1803 1487 ubi
1833 1426 2085 1506 saepius
2115 1445 2263 1487 cum
2292 1426 2585 1487 examine
2604 1435 2648 1495 3

246 1553 317 1588 10
338 1552 458 1595 suo
511 1540 783 1595 conatur
834 1534 1168 1613 eruptione
1225 1534 1400 1595 facta
1452 1532 1805 1613 profugere.
1862 1552 2014 1594 nam
2068 1533 2246 1594 uelut
2302 1532 2584 1612 quadam

337 1639 644 1719 compede
683 1640 1097 1702 retinebimus
1133 1659 1419 1701 erronem
1459 1640 1687 1701 ducem
1727 1640 2031 1701 detractis
2068 1640 2204 1711 alis,
2245 1639 2357 1718 qui
2398 1638 2585 1718 fugae

338 1746 692 1808 destitutus
751 1746 1068 1826 praesidio
1108 1746 1303 1808 finem
1343 1746 1519 1825 regni
1559 1765 1687 1807 non
1727 1746 1922 1808 audet
1961 1746 2283 1817 excedere,
2324 1751 2588 1825 propter

338 1853 515 1932 quod
544 1873 623 1914 ne
652 1853 912 1914 ditionis
940 1853 1200 1932 quidem
1228 1872 1380 1914 suae
1410 1853 1649 1932 populo
1676 1852 1995 1932 permittit
2025 1853 2274 1932 longius
2302 1852 2583 1930 euagari.

423 1959 548 2020 Sed
601 1978 1089 2040 nonnumquam
1142 1959 1314 2020 idem
1368 1959 1694 2020 necandus
1748 1965 1866 2030 est,
1924 1978 2071 2020 cum
2127 1964 2316 2019 uetus
2371 1959 2586 2019 aluare
2604 1949 2698 2009 11

245 2086 316 2135 15
338 2084 607 2126 numero
657 2066 876 2145 apium
927 2065 1319 2137 destituitur,
1373 2073 1572 2144 atque
1623 2064 2051 2144 infrequentia
2100 2064 2235 2126 eius
2285 2064 2404 2125 alio
2457 2084 2587 2143 quo

337 2172 631 2233 examine
667 2172 968 2252 replenda
1002 2180 1120 2233 est.
1159 2171 1382 2252 itaque
1418 2190 1567 2232 cum
1602 2172 1810 2251 primo
1844 2191 1994 2232 uere
2029 2171 2096 2232 in
2131 2190 2208 2232 eo
2242 2190 2395 2232 uase
2430 2178 2589 2231 nata

337 2284 436 2339 est
462 2278 760 2358 pullities,
789 2298 996 2340 nouus
1021 2297 1131 2339 rex
1156 2278 1429 2357 eligitur,
1456 2284 1530 2339 ut
1557 2278 1914 2339 multitudo
1939 2278 2073 2339 sine
2100 2277 2417 2339 discordia
2440 2296 2588 2338 cum

337 2384 717 2463 parentibus
745 2385 875 2446 suis
904 2391 1331 2446 conuersetur.
1366 2385 1541 2465 quod
1571 2384 1624 2445 si
1653 2385 1899 2445 nullam
1930 2384 2294 2464 progeniem
2324 2384 2588 2445 tulerint

410 2579 513 2629 3—4
555 2565 703 2629 Verg.
734 2580 903 2630 georg.
941 2578 992 2628 4,
1025 2566 1198 2629 96—97
1380 2568 1415 2614 6
1455 2565 1604 2629 Verg.
1635 2580 1804 2629 georg.
1840 2578 1890 2628 4,
1913 2578 1983 2629 94
2164 2565 2195 2614 8
2237 2565 2383 2629 Verg.
2415 2580 2586 2628 georg.

334 2667 388 2717 4,
411 2668 481 2718 90
681 2668 821 2715 9-10
854 2653 1066 2705 Pallad.
1100 2668 1150 2718 7,
1173 2668 1223 2718 7,
1246 2668 1308 2717 7,·
1340 2655 1425 2717 cfr
1464 2655 1613 2719 Verg.
1646 2669 1814 2719 georg.
1848 2667 1898 2717 4,
1934 2654 2179 2718 106-107
2211 2659 2259 2704 et
2289 2654 2441 2704 Ptin.
2475 2659 2591 2704 nat.

336 2756 425 2800 ιι,
448 2754 518 2806 54
704 2742 893 2804 18-96:
916 2759 949 2808 4
982 2742 1195 2794 Pallad.
1230 2757 1279 2806 7,
1304 2757 1353 2806 7,
1375 2745 1410 2793 8

414 2899 437 2933 1
473 2885 565 2936 hic
592 2881 644 2935 R
855 2886 1100 2950 probatu
1131 2881 1190 2935 8¹
1219 2886 1462 2950 probata
1491 2881 1549 2934 8¹
1580 2885 1846 2951 probatu'
1878 2881 1930 2934 A
2120 2889 2206 2935 est
2239 2901 2342 2935 om.
2376 2894 2412 2942 n

337 2986 368 3022 2
401 2975 558 3024 secus
586 2969 639 3025 A
828 2975 1020 3039 quam]
1055 2975 1327 3039 quoniam
1356 2974 1491 3042 quxl
1710 2976 1744 3023 6
1772 2975 2047 3024 desidiam
2078 2969 2213 3031 mbo
2247 2990 2349 3025 om.
2381 2970 2596 3043 kssqnxl

556 3076 587 3126 7
617 3064 926 3113 deteriores
954 3062 1084 3131 91111
1301 3062 1331 3111 8
1363 3063 1524 3125 dede]
1559 3064 1596 3112 d
1628 3077 1750 3114 cum
1780 3064 1885 3114 lac.
1915 3073 1947 3112 Ι
1976 3064 2182 3113 dentur
2210 3060 2247 3113 ⁸
2446 3065 2591 3125 sine]

335 3153 494 3216 signe
541 3146 620 3202 A1
834 3153 894 3202 in
925 3153 1055 3202 aula
1079 3190 1091 3202 .
1122 3189 1135 3202 .
1164 3190 1176 3202 .
1211 3152 1307 3202 ubi
1355 3152 1582 3216 saepius
1631 3168 1734 3202 om.
1772 3160 1812 3200 n
2025 3166 2060 3213 9
2089 3166 2235 3217 quae
2277 3147 2378 3209 0th

334 3242 552 3303 tamen]
600 3245 832 3291 tantum
880 3237 932 3291 R
978 3241 1216 3306 plerique
1433 3242 1659 3306 saepius
1690 3255 1793 3291 om.
1826 3250 1876 3289 w
2094 3255 2160 3291 10
2191 3242 2314 3291 fata
2341 3236 2378 3290 8

335 3331 519 3391 uelut]
554 3334 620 3380 ut
651 3330 781 3399 quxl
1000 3343 1059 3379 11
1094 3330 1405 3394 compende
1434 3325 1486 3378 A
1698 3330 2078 3380 retenebimus
2106 3325 2158 3378 A
2335 3343 2594 3380 erronem

333 3414 555 3469 811ῑώ6
589 3419 715 3481 (exc.
741 3420 786 3481 r)
828 3433 1069 3469 errorem
1104 3413 1399 3489 Awmer
1432 3432 1727 3468 erroneum
1761 3413 1897 3469 ah¹k
1931 3414 2278 3475 erratorem}
2311 3424 2591 3469 errantem

337 3492 405 3577 ψ
621 3507 781 3559 ducis
812 3514 862 3577 γ
1042 3521 1104 3569 13
1138 3508 1405 3559 dictionis
1433 3502 1485 3555 A
1531 3513 1581 3557 et
1612 3503 1664 3557 R
1694 3507 1895 3572 aliquot
2072 3508 2319 3572 quidem]
2355 3509 2491 3573 quid
2525 3514 2596 3578 φ

337 3612 442 3646 om.
474 3590 528 3654 lv
743 3611 846 3646 suo
875 3598 1084 3662 populo
1132 3590 1317 3646 Aomb
1363 3597 1573 3661 populo
1621 3610 1755 3646 suae
1802 3592 1980 3653 dqoex²
2011 3598 2225 3662 populo
2253 3611 2357 3647 suo
2385 3606 2459 3666 qn
2488 3612 2592 3647 sua

337 3686 611 3750 populum
645 3695 698 3734 ω
727 3701 827 3736 sue
857 3687 1086 3750 quidem
1115 3686 1326 3750 populo
1355 3680 1380 3733 t

417 3788 480 3838 14
511 3775 661 3825 idem
690 3770 799 3824 8¹A
828 3775 898 3824 de
926 3770 986 3824 8¹
1013 3777 1062 3825 is
1092 3769 1116 3822 t
1145 3790 1247 3825 om.
1279 3769 1331 3823 R
1543 3775 1835 3838 negandus
1862 3769 2061 3832 8¹A¹o1
2254 3781 2341 3824 est
2374 3791 2474 3825 om.
2506 3772 2597 3845 δγ

555 3878 688 3915 cum
718 3868 886 3914 uetus
912 3902 923 3913 .
953 3901 964 3913 .
995 3902 1007 3914 .
1040 3863 1307 3927 replenda
1336 3869 1423 3913 est
1455 3879 1557 3913 om.
1590 3871 1628 3913 ι
1842 3868 2075 3913 uetatus
2103 3858 2189 3913 SA
2367 3866 2592 3914 alueare

335 3947 449 4002 8²8
666 3966 728 4014 15
760 3953 881 4003 eius
928 3952 1308 4016 infrequentia
1355 3947 1565 4020 oeqnx¹t
1777 3954 1890 4001 alio
1937 3966 2051 4016 quo
2094 3953 2269 4003 Linde
2299 3957 2354 4016 p.
2388 3965 2458 4013 51
2494 3954 2598 4015 (cfr

342 4055 394 4105 9,
417 4054 467 4104 9,
490 4041 563 4103 6);
614 4043 727 4092 alia
769 4056 883 4106 quo
911 4036 1021 4091 8¹A
1049 4042 1156 4090 alie
1186 4054 1300 4104 quo
1328 4036 1387 4090 8¹
1418 4042 1609 4105 aliquo
1638 4036 1690 4090 R
1908 4043 1974 4090 16
2003 4042 2264 4091 examina
2292 4036 2378 4091 SA

339 4135 467 4179 tum
496 4125 582 4180 SA
803 4144 866 4193 17
898 4131 983 4191 ut]
1018 4143 1084 4182 ac
1115 4137 1344 4198 zoeqnxv
1374 4134 1438 4178 at
1468 4125 1529 4177 fil
1744 4144 1876 4181 cum
1906 4146 2008 4180 om.
2039 4139 2075 4187 n
