3109 5559
500 248 586 336 98
719 248 798 314 L.
833 247 987 313 Iuni
1016 246 1351 313 Moderati
1379 244 1784 312 Columellae

381 456 452 506 5ο
492 439 666 492 terra
697 439 796 491 est
828 422 1082 503 fissura,
1120 423 1465 510 diligenter
1498 422 1773 489 subacto
1807 422 1949 489 luto
1984 422 2212 488 linitur
2244 436 2311 489 et
2344 421 2691 508 subposito
2725 443 2975 489 musco

493 532 750 618 ligatur,
788 530 972 619 quod
1008 545 1075 598 et
1110 530 1356 597 calores
1391 543 1459 596 et
1493 528 1755 617 pluuias
1791 542 2023 595 arceat.
2062 541 2469 616 temperatur
2504 528 2595 595 ita
2627 528 2970 609 surculus,

492 653 587 719 ut,
620 638 870 705 calamo
899 660 1036 704 non
1064 636 1401 716 absimilis,
1433 650 1898 722 coagmentum
1927 635 2165 702 habeat
2193 635 2277 701 ad
2305 633 2628 715 fissuram,
2662 634 2789 701 sub
2823 657 2970 722 qua

492 745 710 811 nodus
737 744 806 810 in
834 743 970 811 uite
1000 742 1426 822 desideratur,
1458 744 1576 830 qui
1605 742 1794 830 quasi
1821 742 2039 829 alliget
2064 764 2212 808 eam
2237 740 2541 807 fissuram
2570 762 2691 807 nec
2719 741 2972 808 rimam

494 851 779 939 patiatur
821 850 993 916 ultra
1036 849 1410 937 procedere.
1499 869 1543 930 9
1588 848 1643 914 is
1688 849 1905 916 nodus
1948 848 2148 914 etiam
2191 848 2248 914 si
2294 861 2605 934 quattuor
2651 847 2885 933 digitis
2933 869 2972 913 a

382 987 446 1037 55
493 956 968 1024 resectionibus
1004 955 1223 1035 fuerit,
1262 955 1517 1042 inligari
1551 970 1774 1023 tamen
1809 977 1987 1034 eum,
2024 954 2414 1041 priusquam
2449 954 2605 1020 uitis
2638 952 2966 1035 findatur,

494 1063 866 1142 conueniet,
911 1085 1015 1142 ne,
1061 1084 1217 1129 cum
1258 1062 1513 1147 scalpro
1555 1061 1808 1128 factum
1851 1061 2050 1128 fuerit
2091 1062 2215 1128 iter
2257 1061 2542 1139 surculo,
2588 1059 2740 1146 plus
2783 1060 2973 1127 iusto

494 1170 685 1258 plaga
711 1169 869 1237 hiet.
900 1169 1190 1235 calamus
1217 1183 1439 1235 autem
1467 1190 1606 1235 non
1634 1168 1919 1254 amplius
1947 1167 2160 1234 tribus
2190 1167 2411 1253 digitis
2440 1167 2638 1233 debet
2666 1166 2973 1233 adleuari

492 1290 690 1364 atque
713 1276 770 1343 is
792 1299 875 1343 ex
895 1298 971 1342 ea
994 1289 1197 1363 parte,
1225 1297 1357 1362 qua
1380 1275 1651 1354 raditur,
1678 1289 1754 1342 ut
1775 1275 1862 1342 sit
1884 1274 2068 1340 leuis.
2095 1295 2304 1360 eaque
2327 1295 2549 1339 rasura
2570 1273 2663 1339 ita
2684 1272 2972 1340 deduci-

493 1397 623 1463 tur,
677 1397 753 1450 ut
803 1382 1163 1448 medullam
1212 1381 1549 1468 contingat
1599 1404 1734 1448 uno
1785 1382 1983 1448 latere
2034 1394 2232 1467 atque
2282 1380 2484 1446 altero
2533 1379 2732 1465 paulo
2785 1380 2973 1446 ultra

365 1504 437 1556 60
495 1489 807 1557 corticem
844 1488 1284 1575 destringatur
1319 1487 1771 1575 figureturque
1808 1487 1878 1553 in
1915 1487 2203 1574 speciem
2240 1487 2454 1565 cunei,
2494 1486 2665 1552 sicut
2702 1484 2788 1551 ab
2828 1486 2971 1552 ima

495 1610 678 1683 parte
716 1609 948 1663 acutus
985 1595 1289 1661 surculus
1327 1596 1524 1662 latere
1564 1595 1766 1661 altero
1805 1594 1890 1661 sit
1925 1593 2187 1661 tenuior
2225 1608 2423 1679 atque
2461 1593 2663 1659 altero
2700 1591 2972 1678 plenior

494 1725 744 1790 perque
770 1702 1141 1769 tenuiorem
1167 1715 1422 1788 partem
1449 1701 1734 1767 insertus
1760 1723 1839 1767 eo
1866 1701 2064 1767 latere
2091 1712 2356 1779 artetur,
2389 1721 2524 1786 quo
2550 1712 2651 1765 est
2677 1699 2967 1785 plenior,

495 1823 562 1876 et
592 1809 927 1896 utrimque
958 1809 1295 1896 contingat
1324 1807 1649 1874 fissuram.
1685 1829 1841 1874 nam
1872 1807 2000 1873 nisi
2030 1820 2254 1872 cortex
2284 1804 2512 1873 cortici
2542 1805 2637 1871 sic
2669 1806 2969 1892 applica-

494 1930 624 1995 tur,
658 1929 735 1982 ut
764 1915 947 1981 nullo
978 1915 1124 1981 loco
1153 1914 1568 1993 transluceat,
1603 1913 1835 2000 nequit
1863 1913 2244 1979 coalescere.

380 2036 447 2102 65
581 2042 666 2085 ιο
706 2018 973 2088 Vinculi
1017 2043 1225 2107 genus
1271 2020 1355 2086 ad
1401 2019 1779 2086 insitionem
1826 2041 1962 2086 non
2008 2041 2221 2085 unum
2265 2032 2384 2085 est.
2433 2018 2541 2083 alii
2586 2017 2967 2085 uiminibus

498 2128 939 2214 obstringunt,
1001 2127 1303 2194 nonnulli
1362 2127 1751 2193 circundant
1810 2124 1978 2192 libro
2036 2123 2360 2204 fissuram,
2422 2123 2692 2209 plurimi
2753 2124 2968 2211 ligant

497 2235 715 2313 iunco,
759 2234 942 2321 quod
980 2248 1081 2301 est
1118 2232 1553 2319 aptissimum.
1598 2254 1753 2299 nam
1791 2231 2017 2298 uimen
2056 2253 2211 2296 cum
2250 2231 2511 2309 inaruit,
2554 2243 2859 2315 penetrat
2898 2244 2968 2297 et

497 2341 744 2407 insecat
780 2340 1112 2407 corticem.
1156 2354 1425 2427 propter
1465 2339 1648 2426 quod
1687 2338 1986 2404 molliora
2024 2337 2289 2403 uincula
2327 2337 2535 2422 magis
2573 2336 2964 2421 probamus,

498 2470 667 2535 quae
724 2468 880 2512 cum
935 2446 1426 2512 circumuenere
1482 2460 1816 2524 truncum,
1876 2445 2121 2510 adactis
2178 2443 2605 2510 harundineis
2661 2444 2967 2510 cuneolis

380 2582 454 2633 70
495 2567 808 2620 artantur.
841 2552 958 2619 sed
988 2553 1522 2639 antiquissimum
1550 2565 1652 2618 est
1678 2565 1746 2618 et
1774 2565 1924 2618 ante
1953 2551 2115 2617 haec
2144 2549 2518 2636 ablaqueari
2546 2549 2756 2615 uitem
2786 2550 2965 2615 radi-

496 2681 737 2746 cesque
764 2680 1057 2725 summas
1082 2659 1190 2726 uel
1216 2658 1481 2725 suboles
1508 2658 1836 2745 amputari
1861 2671 1928 2724 et
1953 2670 2105 2743 post
2129 2657 2290 2722 haec
2316 2655 2595 2722 adobrui
2619 2669 2963 2736 truncum3

498 2766 686 2853 isque
717 2788 873 2831 cum
903 2765 1401 2852 conprehendit,
1435 2765 1628 2830 aliam
1660 2785 1885 2829 rursus
1915 2763 2114 2849 exigit
2143 2784 2389 2829 curam.

588 2894 670 2936 n
715 2873 894 2938 Nam
919 2872 1177 2959 saepius
1203 2871 1691 2959 pampinandus
1715 2884 1833 2950 est,
1863 2892 2019 2937 cum
2042 2869 2385 2957 germinat,
2412 2867 2963 2955 frequentiusque

500 2977 938 3045 detrahendae
983 2978 1268 3056 suboles,
1318 2999 1486 3064 quae
1536 2983 1653 3056 <e>
1700 2976 2012 3043 lateribus
2059 2975 2519 3062 radicibusque
2567 2989 2961 3062 prorepunt,

384 3113 451 3165 75
498 3100 664 3165 tum,
722 3084 905 3172 quod
958 3107 1039 3151 ex
1091 3084 1288 3151 insito
1340 3084 1659 3171 profudit,
1716 3083 2203 3170 subligandum,
2260 3104 2343 3148 ne
2395 3094 2599 3147 uento
2652 3081 2964 3147 surculus

501 3191 927 3258 labefactetur
978 3205 1091 3258 aut
1141 3193 1554 3277 explantetur
1604 3204 1789 3257 tener
1841 3190 2213 3277 pampinus.
2270 3187 2387 3275 qui
2438 3209 2594 3254 cum
2644 3188 2960 3267 excreuit,

501 3298 855 3384 nepotibus
890 3297 1226 3364 orbandus
1260 3311 1379 3377 est,
1418 3298 1544 3363 nisi
1580 3297 1637 3363 si
1672 3310 1941 3383 propter
1976 3295 2320 3383 penuriam
2354 3309 2421 3362 et
2455 3294 2798 3361 caluitium
2834 3293 2963 3360 loci

501 3439 638 3492 culis
671 3440 724 3491 A
761 3465 800 3475 -
834 3439 903 3491 ad
938 3438 1053 3491 S²A
1086 3465 1125 3475 -
1166 3455 1234 3502 5ο
1268 3438 1460 3490 fissura
1492 3438 1546 3489 R
1580 3438 1765 3502 ipsum
1799 3437 1891 3490 SA
1924 3463 1963 3473 -
1997 3437 2155 3489 linito
2187 3436 2240 3488 A
2273 3462 2312 3472 -
2346 3435 2696 3500 superposito
2729 3435 2783 3486 R
2816 3461 2857 3471 —
2894 3452 2955 3500 51

503 3528 680 3581 calore
728 3528 824 3580 sed
857 3527 920 3580 S¹
954 3554 993 3564 -
1027 3528 1243 3592 plubias
1275 3527 1338 3579 S¹
1372 3553 1411 3563 -
1448 3543 1514 3590 52
1554 3527 1817 3579 absimilis
1842 3537 2228 3591 coagmentum
2249 3525 2445 3577 habeat
2471 3525 2541 3577 ad
2557 3524 2849 3590 Josephson
2866 3534 2958 3589 pp.

504 3630 608 3667 110
636 3633 740 3682 sqq.
772 3617 1035 3669 absimilis
1064 3628 1146 3668 est
1174 3627 1601 3681 purgamentum
1627 3616 1835 3667 habens
1864 3616 1934 3668 ad
1962 3615 2052 3668 SA
2080 3615 2343 3667 absimilis
2365 3613 2389 3679 j
2419 3624 2481 3666 ut
2509 3623 2856 3677 coagmentet
2884 3612 2968 3665 λσ

502 3717 845 3771 coagmentet
867 3720 903 3769 9
925 3723 1024 3758 om.
1050 3704 1135 3758 hu
1168 3732 1207 3742 -
1243 3722 1307 3770 53
1334 3706 1431 3769 qui
1453 3704 1493 3757 S
1515 3705 1637 3768 quit
1658 3706 1711 3757 A
1733 3705 1869 3768 quid
1890 3704 1944 3755 R
1977 3731 2015 3740 -
2051 3704 2119 3768 56
2142 3713 2265 3755 ante
2287 3720 2357 3755 ne
2379 3703 2502 3755 add.
2530 3714 2582 3754 et
2605 3701 2645 3754 S
2678 3728 2717 3738 -
2754 3715 2822 3766 57
2847 3702 2962 3754 hiet

501 3793 1316 3859 SitetAluetjhietethKo
1347 3820 1386 3830 -
1422 3792 2216 3846 autemnonRutrariorSA
2250 3818 2289 3829 -
2326 3790 2707 3856 sahinmo
2738 3803 2963 3855 -parte

501 3902 601 3937 om.
631 3884 724 3937 SA
757 3910 796 3920 -
823 3893 943 3948 post
972 3884 1045 3936 sit
1073 3884 1196 3937 add.
1227 3884 1298 3936 ab
1326 3900 1389 3934 ea
1417 3894 1572 3947 parte
1600 3883 1692 3935 SA
1725 3909 1763 3919 -
1800 3899 1867 3947 59
1896 3882 2081 3947 pauilo
2108 3881 2161 3933 A
2196 3907 2235 3917 -
2269 3882 2339 3933 60
2368 3898 2477 3933 una
2505 3881 2559 3932 R
2591 3906 2630 3916 -
2665 3880 2728 3932 61
2764 3892 2960 3932 acutus

502 3973 664 4038 (-tius
685 3972 744 4039 p)
766 3973 820 4024 R
841 3984 989 4025 artus
1013 3972 1106 4025 SA
1139 3999 1177 4008 -
1211 3973 1282 4024 sit
1305 3989 1402 4024 om.
1428 3971 1490 4024 S²
1525 3998 1565 4008 -
1598 3983 1796 4024 tenuor
1816 3971 1892 4024 A¹
1926 3998 1964 4007 -
2000 3983 2164 4035 atque
2190 3971 2358 4022 altero
2403 3970 2617 4034 plenior
2639 3985 2737 4020 om.
2763 3968 2803 4020 S
2825 3995 2864 4005 -
2889 3969 2957 4022 62

500 4074 789 4115 tenuorem
817 4061 870 4113 A
904 4089 942 4098 -
976 4062 1130 4126 quod
1160 4061 1199 4113 S
1234 4088 1271 4098 -·
1307 4062 1373 4124 63
1406 4061 1667 4124 uirinque
1695 4062 1748 4113 A
1782 4087 1821 4097 -
1855 4078 1984 4113 narn
2015 4060 2119 4112 nisi
2150 4059 2276 4111 Ιιλσ
2305 4076 2407 4111 nec
2436 4057 2545 4123 SAj
2581 4084 2620 4094 -
2654 4058 2965 4122 appellatur

499 4150 571 4217 Aj
606 4177 646 4188 -
680 4152 750 4215 64
790 4151 983 4215 nequit
1023 4149 1189 4217 γρός
1228 4168 1298 4202 ne
1338 4150 1476 4214 quid
1516 4150 1660 4202 SAR
1693 4177 1731 4186 -
1766 4150 2003 4213 patiatur
2042 4159 2166 4201 ante
2205 4148 2504 4200 coalescere
2544 4147 2667 4199 add.
2710 4146 2803 4199 SA
2837 4156 2961 4211 post

500 4240 802 4294 coalescere
837 4240 959 4292 add.
998 4238 1098 4292 h‘f
1124 4266 1163 4276 ·-
1197 4240 1262 4304 65
1302 4240 1611 4292 utminibus
1646 4240 1699 4291 A
1731 4265 1769 4274 -
1805 4239 1873 4290 66
1911 4256 2024 4290 non
2061 4238 2199 4302 pulli
2233 4238 2348 4289 S¹A
2382 4264 2420 4274 -
2455 4237 2523 4300 67
2560 4237 2691 4300 iugo
2725 4236 2778 4287 A
2811 4261 2853 4271 -
2889 4236 2958 4299 69

501 4329 678 4383 adacti
711 4330 781 4382 sit
812 4329 865 4381 A
898 4356 936 4365 -
971 4328 1287 4381 arundineis
1319 4328 1410 4380 SA
1444 4355 1482 4364 -
1517 4342 1580 4392 71
1618 4328 1835 4380 soboles
1866 4326 2069 4392 S¹jbyc
2102 4353 2141 4363 -
2177 4340 2246 4391 74
2278 4325 2644 4378 detrahendae
2674 4325 2728 4376 R
2760 4324 2961 4377 debra-

500 4419 727 4471 hitende
764 4417 804 4470 S
841 4417 1298 4470 debrachitendae
1334 4418 1387 4469 A
1420 4444 1459 4454 -
1493 4418 1710 4470 soboles
1747 4417 1863 4469 S‘R
1896 4443 1934 4452 -
1969 4433 1999 4467 e
2035 4417 2217 4480 scripsi
2252 4432 2283 4466 a
2318 4415 2372 4466 R
2409 4432 2506 4467 om.
2548 4414 2640 4467 SA
2676 4414 2797 4466 uide
2832 4413 2955 4466 diss.

493 4517 589 4573 pp.
627 4507 730 4556 161
764 4524 871 4571 sqq.
909 4533 948 4543 -
982 4520 1048 4571 75
1086 4507 1145 4559 in
1179 4508 1353 4559 exsito
1385 4508 1438 4559 A
1469 4533 1508 4543 -
1540 4506 1828 4571 profundit
1860 4506 1914 4557 R
1947 4532 1986 4542 -
2013 4515 2134 4569 post
2167 4504 2418 4557 surculus
2453 4503 2576 4555 add.
2614 4515 2798 4556 motus
2831 4502 2885 4554 R
2920 4528 2960 4539 -

502 4597 571 4660 76
600 4596 922 4661 explanetur
946 4596 1000 4647 R
1032 4623 1069 4633 -
1105 4609 1174 4660 77
1202 4596 1540 4649 ordinandus
1567 4596 1660 4649 SA
1692 4622 1731 4632 -
1765 4596 1835 4660 78
1863 4594 2286 4648 summittuntur
2311 4594 2351 4646 S
2377 4593 2700 4647 summittur
2723 4593 2776 4645 A
2800 4608 2959 4645 sum-
