3109 5559
1192 357 1290 399 nm
1339 356 1650 400 Rvsncffl
1695 357 1809 401 Lm.
1858 359 1897 401 11
1936 363 1980 396 c·
2019 360 2051 407 9
2662 354 2742 408 73

1428 460 1461 481 q

475 534 649 577 arua
713 515 1052 596 segetibus
1098 516 1239 577 eius
1288 535 1721 592 marcescere3
1773 528 2044 597 propter
2091 515 2270 597 quod
2312 515 2745 595 pinguissimo

474 641 674 701 agre,
747 623 930 684 cuius
999 623 1193 684 nimis
1263 622 1509 685 uiribus
1581 625 1801 685 noceri
1873 643 2006 685 non
2058 623 2288 704 possit,
2338 633 2452 683 aut
2500 641 2741 696 macro,

473 729 585 790 cui
666 727 824 789 nihil
895 727 1092 803 aliud,
1155 730 1584 792 conmittitur.
1679 728 1888 792 altero
1957 729 2141 792 sulco
2188 729 2495 791 seminari
2543 728 2846 806 debet15

476 850 641 915 post
714 836 1203 916 aequinoctium
1274 837 1491 898 media
1561 836 1695 898 fere
1764 839 2067 912 sementi,
2126 838 2180 899 si
2252 835 2427 898 laeto
2474 834 2641 910 solo,
2691 837 2747 896 si

422 941 737 1022 5gracili,
811 943 1141 1004 maturius
1240 944 1535 1023 iugerum
1588 945 1875 1025 quinque
1924 945 2185 1006 modios
2231 941 2607 1023 occupabit,
2656 943 2747 1004 id·

475 1069 639 1129 que,
691 1049 802 1110 ubi
853 1048 1117 1129 paulum
1169 1052 1568 1126 maturuerit,
1620 1050 2033 1114 festinantius
2081 1071 2279 1132 quam
2336 1049 2536 1111 ullum
2571 1047 2742 1111 aliud

478 1156 888 1217 frumentum
936 1157 1406 1219 demetendum
1454 1158 1596 1219 erit.
1679 1178 1829 1220 nam
1878 1170 1945 1220 et
1981 1157 2188 1239 fragili
2223 1155 2439 1219 culmo
2473 1168 2539 1218 et
2572 1154 2746 1217 nulla

475 1264 800 1325 uestitum
868 1263 1059 1344 palea
1116 1284 1392 1344 granum
1441 1267 1585 1327 eius
1631 1264 1930 1327 celeriter
1976 1266 2223 1327 decidit
2271 1264 2613 1345 isdemque
2663 1266 2747 1326 de

476 1371 706 1431 causis
754 1369 1006 1433 facilius
1054 1374 1281 1433 teritur
1327 1391 1524 1453 quam
1573 1383 1811 1434 cetera.
1906 1373 2025 1434 sed
2075 1392 2226 1433 cum
2274 1372 2416 1433 eius
2463 1390 2743 1432 messem

394 1507 457 1542 ιο
476 1476 850 1553 sustuleris,
917 1478 1239 1558 optimum
1311 1490 1411 1540 est
1475 1478 1738 1541 noualia
1786 1480 1924 1560 pati
1974 1499 2150 1541 anno
2197 1496 2479 1550 cessare,
2530 1478 2585 1539 si
2636 1478 2745 1538 mi·

478 1603 629 1658 nus,
703 1596 992 1647 stercore
1060 1596 1355 1647 saturare
1425 1599 1493 1648 et
1563 1606 1760 1649 omne
1827 1587 2022 1663 uirus,
2081 1587 2260 1668 quod
2309 1586 2527 1647 adhuc
2577 1586 2744 1646 inest

478 1703 721 1764 terrae,
774 1692 1174 1773 propulsare.
1272 1692 1548 1755 alterum
1597 1714 1862 1775 quoque
1904 1714 2115 1774 genus
2147 1693 2375 1755 hordei
2409 1704 2529 1767 est,
2565 1693 2742 1773 quod
2779 1690 2852 1750 16

479 1797 592 1859 alii
644 1798 1020 1874 distichum,
1072 1797 1441 1862 Galaticum
1492 1801 1782 1863 nonnulli
1833 1814 2096 1874 uocant,
2148 1800 2461 1882 ponderis
2492 1810 2561 1860 et
2592 1818 2738 1860 can·

480 1905 669 1967 doris
717 1907 961 1979 eximii,
1013 1905 1184 1968 adeo
1216 1920 1287 1968 ut
1319 1909 1537 1970 tritico
1573 1909 1850 1970 mixtum
1882 1909 2151 1988 egregia
2183 1907 2429 1969 cibaria
2466 1905 2746 1968 familiae

402 2040 458 2090 ις
486 2014 831 2093 praebeat.
939 2017 1174 2078 seritur
1243 2036 1441 2097 quam
1512 2017 1982 2096 pinguissimiS,
2064 2016 2183 2076 sed
2259 2014 2512 2094 frigidis
2583 2013 2745 2074 locis

481 2122 662 2184 circa
735 2121 1042 2184 Martium
1116 2144 1445 2197 mensem;
1520 2123 1752 2185 melius
1812 2134 2030 2185 tamen
2081 2122 2462 2202 respondet,
2512 2122 2568 2182 si
2615 2119 2742 2181 cle·

483 2229 738 2290 mentia
801 2229 1034 2291 hiemis
1097 2231 1436 2312 permittit,
1484 2250 1637 2292 cum
1684 2232 2045 2292 seminatur
2092 2231 2263 2291 circa
2311 2229 2467 2290 Idus
2514 2228 2742 2289 Ianua·

481 2336 633 2397 rias.
734 2336 1027 2416 iugerum
1076 2358 1198 2399 sex
1249 2339 1509 2399 modios
1557 2337 1867 2418 postulat.
1963 2337 2130 2399 inter
2177 2336 2503 2398 frumenta
2542 2335 2738 2396 etiam
2775 2350 2844 2412 17

482 2443 799 2521 panicum
872 2463 948 2505 ac
1005 2443 1250 2506 milium
1302 2446 1611 2525 ponenda
1658 2457 1829 2520 sunt,
1880 2446 2183 2525 quamuis
2231 2444 2359 2505 iam
2408 2441 2740 2523 legumini-

389 2549 604 2612 2obus
652 2569 734 2610 ea
782 2551 1270 2625 contribuerim,
1321 2572 1474 2613 nam
1523 2551 1742 2613 multis
1788 2551 2170 2632 regionibus
2221 2549 2483 2611 cibariis
2514 2568 2739 2610 eorum

476 2652 705 2719 coloni'
772 2658 1193 2719 sustinentur.
1289 2656 1502 2720 leuem
1561 2657 1978 2739 solutamque
2047 2657 2316 2719 humum
2363 2656 2740 2718 desiderant

478 2783 606 2826 nec
678 2765 743 2825 in
817 2764 1128 2827 sabuloso
1198 2763 1363 2837 so10,
1436 2766 1554 2827 sed
1605 2766 1669 2826 in
1719 2765 1963 2826 harena
2012 2785 2277 2846 quoque
2325 2763 2738 2844 proueniunt,

480 2872 690 2933 modo
759 2873 984 2934 umido
1031 2871 1221 2934 caelo
1269 2871 1373 2934 uel
1422 2873 1611 2954 riguo
1657 2870 1823 2947 solo,
1887 2893 2039 2934 nam
2086 2872 2336 2934 siccum
2391 2882 2743 2932 cretosum-

480 2998 613 3059 que
695 2978 1141 3041 reformidant.
1238 2990 1391 3041 ante
1471 3000 1587 3042 uer
1662 2981 1785 3041 seri
1859 3000 1987 3041 non
2064 2992 2361 3059 possunt,
2433 2977 2743 3058 quoniam
2779 2978 2848 3035 18

394 3111 455 3161 ²5
480 3085 830 3165 teporibus
899 3088 1186 3148 maxime
1257 3085 1600 3156 laetantur,
1674 3084 1900 3148 ultima
1972 3098 2191 3148 tamen
2267 3096 2453 3165 parte
2522 3083 2742 3145 Martii

481 3193 736 3254 mensis
806 3194 1342 3255 commodissime
1414 3206 1626 3256 terrae
1697 3194 2191 3255 conmittuntur.
2299 3183 2418 3255 n'ec
2467 3192 2740 3271 inpensa

262 320 277 487 -..—
263 23 281 307 ----..-.,

258 2444 265 2483 -u

672 3437 693 3471 1
755 3440 1083 3473 marcescere
1119 3439 1192 3485 gp
1230 3442 1301 3472 m.
1343 3442 1433 3473 rec.
1474 3429 1528 3474 in
1567 3429 1606 3475 A
1645 3442 1949 3475 manascere
1987 3428 2028 3476 A
2054 3441 2358 3473 manescere
2384 3428 2419 3473 S
2443 3439 2742 3472 mucescere

482 3517 525 3561 B
676 3526 710 3560 2
751 3513 903 3561 nimis
940 3513 1087 3564 SAac
1128 3516 1297 3563 nimiis
1324 3519 1366 3564 Β
1520 3530 1552 3576 3
1583 3516 1919 3564 committitur
1946 3517 2066 3565 SAR
2215 3525 2241 3575 7
2272 3515 2463 3562 nullum
2500 3512 2606 3570 (um
2635 3522 2741 3575 exp.

262 3604 271 3675 Ι
480 3609 528 3650 et
551 3618 584 3650 a
609 3618 680 3650 ss.
709 3618 780 3649 m·
809 3599 918 3662 att.)
953 3607 991 3652 A
1174 3603 1206 3652 8
1246 3604 1517 3669 isdemque
1554 3607 1629 3653 SA
1665 3606 1913 3670 iisdemq;
1953 3609 1980 3653 t
2017 3605 2217 3652 hisdem
2258 3619 2285 3652 s
2322 3604 2629 3667 hisdemque
2667 3602 2747 3648 uel

481 3693 564 3740 his
606 3692 833 3757 denique
871 3693 917 3740 R
1099 3693 1164 3740 de
1203 3708 1306 3740 om.
1345 3695 1448 3742 SAs
1635 3705 1695 3754 13
1736 3694 2011 3742 disthicum
2053 3694 2131 3740 uel
2168 3693 2408 3741 disticum
2448 3696 2492 3741 R
2523 3693 2746 3753 plerique

262 3770 271 3819 l

666 3781 977 3842 galathicum
1016 3784 1062 3830 lt
1098 3783 1300 3843 aliquot
1458 3783 1518 3832 16
1559 3783 1756 3831 marcii:
1794 3784 1828 3831 S
1979 3782 2040 3831 18
2081 3782 2283 3830 modias
2323 3783 2361 3830 A
2514 3793 2574 3840 19
2602 3781 2744 3841 pani-

483 3872 622 3918 cium
662 3884 691 3918 s
726 3870 877 3923 (alm
897 3877 1075 3932 postea
1112 3872 1244 3934 exp.)
1284 3873 1323 3919 A
1468 3872 1689 3937 quanuis
1728 3876 1770 3921 R
1816 3872 2012 3933 aliquot
2157 3884 2223 3919 20
2261 3886 2323 3919 ea
2362 3872 2588 3928 Sadgltu'i
2626 3886 2739 3917 eam

480 3962 573 4009 AB
734 3966 813 4006 21'
840 3960 1223 4008 sustinerentur
1262 3962 1338 4010 Aa
1483 3973 1548 4008 22
1590 3977 1712 4009 area
1752 3957 1803 4021 (n
1841 3977 1882 4009 s.
1924 3978 1973 4008 u.
2011 3963 2194 4009 intere
2231 3966 2279 4007 et
2314 3976 2343 4007 a
2379 3976 2475 4008 scr.
2517 3975 2584 4005 m.
2626 3960 2743 4015 uet.)

261 4064 273 4127 j
480 4054 520 4099 A
678 4060 744 4108 24
784 4065 879 4096 uer
904 4050 1009 4098 seri
1046 4052 1138 4097 Sst,
1175 4050 1378 4097 uerseti
1414 4049 1523 4107 (alt.
1565 4065 1594 4098 e
1631 4058 1738 4112 exp.
1778 4056 1823 4096 et
1845 4068 1874 4098 a
1900 4066 1967 4097 ss.
1997 4067 2069 4097 m.
2099 4050 2211 4105 rec.)
2238 4052 2277 4098 A
2317 4048 2516 4097 uersari
2554 4050 2600 4096 R

481 4138 594 4205 quss
629 4140 745 4186 §Aa
780 4154 936 4204 quom
976 4139 1059 4186 uel
1093 4154 1206 4186 cum
1248 4142 1291 4187 R
1460 4150 1522 4202 25
1573 4140 1845 4201 teporibus
1881 4136 2054 4196 suffita
2094 4143 2147 4188 in
2188 4155 2357 4202 marg.
2398 4142 2431 4186 d
2468 4138 2741 4199 teporibus

484 4224 542 4285 Γ
592 4231 771 4289 postea
820 4224 934 4289 del.)
971 4230 1005 4276 S
1043 4229 1367 4288 temporibus
1406 4231 1490 4278 AB
1526 4228 1640 4283 (sed
1675 4245 1719 4276 m
1755 4235 1928 4292 postea
1965 4238 2075 4292 exp.
2112 4230 2158 4287 s)
2375 4226 2475 4275 mai
2515 4232 2584 4274 ut.
2633 4228 2738 4274 uid.

476 4320 635 4379 prius
673 4332 770 4365 scr.
811 4319 863 4364 in
901 4319 936 4365 8
1085 4317 1149 4365 26
1189 4318 1582 4365 committuntur
1620 4321 1740 4367 SAR
1886 4320 2118 4380 impensa
2157 4321 2277 4368 SAR
