3109 5559
0 501 6 594 ?

94 415 153 452 10

94 947 148 996 ιε

90 1478 151 1517 20

92 2012 151 2060 2⁵

94 2543 157 2592 30

95 3075 153 3124 35

500 235 531 245 ·
1367 209 1488 276 Rei
1517 209 1797 276 rusticae
1826 209 1940 276 lib.
1976 210 2072 275 IV
2102 231 2159 277 c.
2194 230 2405 297 29-30
2540 232 2654 277 101

191 408 437 474 resque
470 386 695 465 siluae,
731 386 840 452 uel
871 386 1172 453 consulto
1204 386 1492 453 consitae
1525 386 1862 465 castaneiS,
1899 386 2082 472 prius
2114 386 2449 454 faciendae
2483 402 2659 455 sunt.

197 494 484 559 salicum
531 493 949 559 uiminalium
992 492 1252 558 Atticus
1301 507 1489 580 putat
1539 492 1795 579 singula
1843 493 2067 579 iugera
2114 492 2416 559 sufficere
2468 516 2661 580 posse

193 599 426 687 quinis
476 614 541 666 et
592 599 843 666 uicenis
893 600 1228 686 iugeribus
1279 599 1577 686 ligandae
1628 599 1880 679 uineae,
1934 598 2355 666 harundineti
2406 599 2665 686 singula

192 705 428 792 iugera
462 706 713 772 uicenis
749 706 1072 793 iugandiS,
1111 706 1447 772 castanieti
1483 706 1786 793 iugerum
1821 705 2102 773 totidem
2138 705 2456 793 palandis,
2498 720 2664 793 quot

195 811 629 879 harundineti
671 813 994 899 iugandis.

273 939 326 1001 3
371 918 656 985 Salicem
689 919 795 984 uel
831 919 1058 1005 riguus
1091 941 1242 1005 ager
1275 919 1383 985 uel
1417 918 1682 1006 uliginis
1715 919 2061 985 abundans
2095 918 2367 1005 optime,
2405 941 2527 985 nec
2560 920 2661 985 in-

191 1026 551 1091 commode
600 1040 823 1093 tamen
871 1026 984 1092 alit
1032 1025 1267 1112 planus
1315 1040 1381 1092 et
1430 1025 1714 1113 pinguis,
1765 1039 1963 1112 atque
2012 1026 2069 1091 is
2119 1026 2317 1092 debet
2364 1025 2663 1092 conuerti

192 1131 467 1218 bipalio,
503 1133 593 1198 ita
623 1132 804 1197 enim
835 1132 1244 1218 praecipiunt
1276 1146 1531 1198 ueteres
1563 1132 1633 1198 in
1666 1132 1835 1198 duos
1865 1146 1932 1199 et
1963 1132 2303 1197 semissem
2335 1131 2662 1219 pastinare

192 1239 429 1304 salicto
453 1238 855 1305 destinatum
878 1238 1115 1318 solum;
1142 1260 1265 1304 nec
1289 1237 1506 1317 refert,
1533 1238 1723 1304 cuius
1745 1239 2001 1324 generis
2024 1238 2251 1304 uimen
2275 1260 2470 1318 seras,
2499 1239 2663 1304 dum

196 1345 282 1410 sit
352 1344 817 1411 lentissimum.
908 1366 951 1428 4
993 1359 1228 1431 putant
1295 1359 1515 1411 tamen
1583 1345 1708 1411 tria
1773 1367 1914 1411 esse
1981 1366 2239 1431 genera,
2313 1345 2662 1432 praecipue

195 1451 517 1530 Graecae,
558 1451 869 1531 Gallicae,
897 1451 1176 1518 Sabinae
1203 1452 1434 1530 salicis,
1465 1473 1667 1538 quam
1694 1450 1964 1536 plurimi
1989 1465 2231 1517 uocant
2251 1451 2657 1517 Amerinam.

196 1558 460 1624 Graeca
500 1558 654 1624 flaui
696 1557 931 1624 coloris
971 1572 1090 1637 est,
1137 1557 1389 1624 Gallica
1430 1557 1729 1637 obsoleti,
1773 1558 2091 1644 purpurei
2130 1557 2248 1623 sed
2288 1557 2663 1624 tenuissimi

195 1664 496 1743 uiminis;
524 1665 838 1730 Amerina
870 1664 1029 1730 salix
1060 1664 1368 1750 gracilem
1400 1664 1655 1750 uirgam
1687 1678 1753 1730 et
1786 1665 2049 1730 rutilam
2081 1663 2268 1751 gerit3
2304 1678 2502 1751 atque
2535 1664 2658 1731 hae

197 1771 306 1837 uel
348 1774 556 1854 [cum]
593 1771 1046 1836 cacuminibus
1080 1771 1187 1836 uel
1220 1770 1404 1837 taleis
1440 1771 1884 1857 deponuntur.
1922 1771 2205 1856 perticae
2240 1771 2662 1837 cacuminum

196 1878 503 1944 modicae
526 1877 975 1963 plenitudinis,
1002 1899 1170 1964 quae
1192 1891 1415 1944 tamen
1438 1877 1837 1964 dipondiarii
1858 1877 2137 1943 orbiculi
2161 1877 2662 1943 crassitudinem

195 2007 336 2051 non
367 1984 706 2063 excedant,
739 1984 988 2070 optime
1017 1998 1396 2071 panguntur
1423 2006 1503 2049 eo
1532 2006 1765 2070 usque,
1798 1984 1963 2049 dum
1991 1984 2075 2050 ad
2104 1983 2393 2050 solidum
2422 1983 2661 2049 demit-

195 2104 448 2157 tantur.
535 2109 580 2171 5
623 2090 826 2156 taleae
864 2090 1351 2177 sesquipedales
1390 2104 1650 2156 terreno
1689 2090 2009 2156 inmersae
2049 2090 2322 2177 paulum
2362 2089 2661 2156 obruun-

194 2210 328 2263 tur.
373 2197 601 2283 riguus
636 2197 821 2263 locus
857 2197 1065 2282 spatia
1102 2196 1343 2262 laxiora
1380 2196 1705 2263 desiderat
1741 2218 1948 2283 eaque
1985 2218 2221 2263 senum
2257 2196 2506 2283 pedum
2544 2218 2663 2283 per

198 2305 649 2390 quincuncem
711 2317 885 2369 recte
947 2303 1218 2382 faciunt,
1283 2303 1619 2369 siccaneus
1681 2302 2009 2389 spissiora,
2074 2303 2245 2370 sicut
2307 2302 2392 2369 sit
2453 2302 2662 2369 facilis

164 2478 189 2509 t,
199 2431 504 2476 accessus
530 2409 897 2476 colentibus
922 2432 1015 2475 ea.
1047 2409 1330 2496 quinum
1354 2410 1604 2496 pedum
1630 2409 2056 2475 interordinia
2080 2431 2221 2476 esse
2248 2408 2511 2475 abunde
2537 2423 2657 2488 est,

197 2530 273 2583 ut
311 2531 540 2582 tamen
579 2516 648 2581 in
686 2515 829 2603 ipsa
867 2516 1038 2582 linea
1075 2515 1457 2582 consitionis
1496 2515 1744 2582 alterna
1781 2516 2007 2582 uacuis
2045 2516 2434 2583 intermissis
2472 2515 2659 2603 bipe-

199 2622 431 2689 daneis
462 2622 688 2709 spatiis
718 2623 1077 2689 consistant
1107 2622 1376 2688 semina.

290 2732 333 2793 6
376 2728 555 2795 Satio
579 2743 680 2796 est
703 2750 954 2808 eorum,
984 2729 1371 2816 priusquam
1394 2729 1783 2815 germinent,
1814 2729 1977 2795 dum
2003 2729 2196 2795 silent
2220 2729 2462 2815 uirgae,
2494 2751 2659 2815 quas

199 2835 550 2902 arboribus
581 2834 837 2901 detrahi
867 2835 1070 2901 siccas
1102 2835 1432 2902 conuenit.
1468 2857 1624 2901 nam
1656 2836 1943 2902 roscidas
1975 2836 2032 2901 si
2063 2835 2389 2914 recideris,
2425 2857 2661 2922 parum

199 2942 553 3008 commode
612 2942 1034 3029 proueniunt3
1096 2942 1376 3029 ideoque
1435 2942 1648 3028 pluuii
1707 2942 1847 3008 dies
1905 2942 1974 3007 in
2032 2942 2407 3028 exputanda
2464 2941 2659 3008 salice

199 3048 514 3114 nitantur.
562 3048 874 3114 fodienda
917 3062 1074 3115 sunt
1117 3049 1332 3134 primo
1375 3049 1660 3115 triennio
1705 3049 1927 3114 salicta
1970 3047 2281 3127 crebriuS,
2330 3048 2399 3114 id
2442 3062 2541 3114 est
2584 3061 2660 3114 ut

199 3154 465 3221 nouella
503 3155 745 3234 uineta;
789 3176 944 3220 cum
986 3155 1224 3220 deinde
1266 3155 1740 3234 conualuerint,
1784 3154 1997 3221 tribus
2037 3154 2311 3220 fossuris
2352 3167 2662 3220 contenta

199 3275 378 3340 sunt3
426 3260 610 3327 aliter
654 3261 829 3327 culta
872 3261 1165 3327 celeriter
1208 3260 1542 3327 deficiunt.
1635 3280 1677 3343 7
1721 3283 1875 3327 nam
1921 3260 2225 3347 quamuis
2269 3260 2660 3326 adhibeatur

199 3590 449 3631 castanea
469 3579 725 3643 ponenda
745 3577 978 3643 SAhtye
1012 3606 1050 3615 -
1085 3578 1331 3631 facienda
1351 3578 1481 3645 Αλρ
1515 3605 1553 3614 -
1596 3595 1617 3630 1
1632 3596 1652 3630 1
1680 3578 1908 3630 salicum
1928 3576 2090 3630 Schn.
2115 3577 2241 3630 licet
2264 3577 2304 3630 S
2324 3577 2449 3630 licet
2469 3588 2531 3630 ut
2552 3578 2657 3630 AR

199 3692 238 3702 -
281 3668 628 3720 uiminalium
668 3667 796 3720 Ald.
844 3668 1198 3720 uiminalibus
1245 3668 1361 3732 (-lis
1405 3668 1463 3734 ρ)
1509 3668 1652 3720 SAR
1686 3694 1724 3704 —-
1765 3683 1827 3720 12
1872 3667 2085 3730 uigenis
2132 3666 2195 3719 S¹
2229 3693 2268 3703 -
2302 3667 2656 3720 harundineti

200 3754 451 3822 A⁸jfr¹yc
474 3757 852 3809 harundinetis
876 3756 1035 3823 Shpu
1057 3757 1374 3809 harundetis
1398 3757 1473 3809 A¹
1497 3756 1866 3809 harundinem
1890 3771 1959 3807 m
1982 3773 2081 3808 om.
2109 3755 2152 3809 b
2185 3782 2225 3792 —
2266 3772 2326 3820 13
2355 3756 2567 3820 uigenis
2593 3756 2656 3809 S¹

201 3870 240 3881 -
272 3846 533 3899 castaniet
567 3846 660 3899 SA
693 3872 732 3882 -
767 3856 903 3910 quot
937 3846 991 3897 R
1024 3847 1178 3910 quod
1212 3846 1251 3898 S
1287 3846 1439 3910 quod
1476 3845 1532 3897 id
1568 3845 1621 3897 A
1653 3871 1692 3881 -
1733 3846 1795 3897 16
1830 3845 1915 3898 his
1950 3844 2221 3910 Ahmfyu
2255 3871 2294 3881 -
2336 3845 2399 3896 18
2435 3845 2655 3898 suimen

199 3933 358 3987 Alat-
390 3961 430 3971 -
465 3951 535 3987 20
558 3935 811 3986 America
835 3934 911 3987 A²
936 3935 1196 3987 Amerina
1222 3933 1526 4001 A’hzrpyu
1560 3961 1598 3970 -
1634 3950 1696 3988 21
1729 3945 1810 3986 est
1834 3935 1888 3986 R
1912 3946 1966 3986 et
1991 3935 2083 3987 SA
2117 3961 2156 3971 -
2189 3935 2483 3999 purpureis
2509 3933 2592 3986 Ar
2620 3960 2659 3970 -

201 4023 300 4075 sed
325 4024 365 4076 S
390 4035 445 4075 et
471 4024 576 4076 AR
607 4050 646 4060 -
682 4039 750 4077 22
776 4024 912 4076 salix
936 4024 987 4075 R
1013 4041 1139 4077 sans
1165 4024 1256 4076 SA
1289 4051 1327 4060 -
1361 4024 1574 4088 uirgam
1599 4024 1653 4075 R
1676 4035 1876 4075 uocant
1902 4024 2115 4088 uirgam
2142 4041 2255 4088 quo
2282 4023 2380 4087 (uo
2406 4023 2468 4087 S)
2495 4023 2587 4075 SA
2621 4049 2660 4059 -

206 4111 338 4163 haec
372 4112 477 4164 AR
509 4138 548 4148 -
583 4129 649 4176 23
686 4130 816 4165 cum
839 4113 982 4165 SAR
1003 4129 1101 4164 om.
1127 4128 1170 4176 p
1204 4140 1242 4149 -
1279 4129 1347 4176 24
1370 4112 1729 4176 plenitudinis
1752 4128 1795 4176 p
1818 4113 2176 4177 planitudinis
2200 4112 2342 4165 SAR
2377 4138 2416 4148 -
2452 4112 2655 4176 dipun-

207 4200 361 4253 diarii
402 4201 578 4253 AR-
615 4217 646 4254 2
651 4217 680 4267 5
725 4202 917 4254 exedat
957 4202 1050 4255 SA
1089 4201 1312 4254 excedat
1353 4201 1552 4254 hfiu-
1587 4202 1895 4254 dimittatur
1933 4202 1986 4253 A
2026 4202 2373 4254 dimittantur
2414 4199 2654 4266 15-26

205 4290 372 4341 taleae
393 4290 799 4354 sesquipedales
819 4289 1033 4356 Silpyc
1051 4292 1159 4343 tale
1179 4302 1259 4342 est
1281 4291 1377 4354 qui
1398 4291 1619 4355 pedales
1638 4291 1691 4342 A
1710 4291 1818 4343 tale
1838 4302 1919 4342 est
1941 4291 2033 4355 (ist
2051 4290 2083 4343 1·
2086 4291 2141 4355 )
2127 4308 2172 4343 is
2193 4290 2291 4355 qui
2311 4290 2531 4354 pedales
2551 4288 2658 4343 ht-

202 4403 240 4412 -
275 4379 563 4431 immersae
592 4377 616 4443 j
654 4379 714 4432 in
749 4396 938 4432 mense
974 4379 1262 4432 samo-
1298 4395 1366 4443 29
1404 4396 1466 4430 ea
1502 4397 1601 4432 om.
1640 4379 1702 4432 8²
1737 4406 1776 4416 -
1811 4379 2132 4432 interordini
2168 4379 2280 4432 S—
2316 4395 2345 4442 3
2352 4394 2381 4442 3
2422 4378 2656 4431 detrahit

207 4466 412 4518 SAh—
445 4485 575 4520 nam
595 4468 649 4520 R
672 4468 742 4520 ab
765 4468 927 4521 SA·-
963 4484 1031 4532 34
1055 4469 1344 4520 commode
1367 4467 1556 4534 SAhjp
1581 4485 1841 4533 prospere
1864 4467 2057 4532 sr’ycu
2079 4484 2339 4533 prospere
2362 4468 2655 4520 commode

206 4553 250 4606 λ
281 4582 320 4592 -
355 4573 419 4622 35
452 4557 701 4609 facienda
730 4557 820 4610 SA
853 4583 891 4594 -
925 4558 1104 4622 prima
1131 4556 1239 4622 SAj
1275 4583 1314 4593 -
1347 4557 1564 4609 creuius
1596 4557 1687 4610 SA
1720 4583 1759 4593 -
1794 4558 1862 4622 36
1892 4557 2021 4609 inde
2049 4557 2102 4609 A
2134 4583 2173 4593 -
2206 4556 2547 4609 conualerint
2576 4555 2652 4608 A²
