3109 5559
376 560 443 610 35

374 1626 443 1677 45

374 2160 444 2210 50

373 2692 439 2742 55

492 266 613 315 122
743 247 823 314 L.
858 247 1010 314 Iuni
1040 246 1374 315 Moderati
1404 247 1810 317 Columellae

497 424 638 490 dies
678 424 978 492 adobrui.
1023 425 1119 492 sic
1159 426 1339 493 enim
1381 441 1740 514 utrumque
1782 428 2287 496 incommodum
2327 430 2666 510 uitabitut‚
2712 447 2793 499 ut
2837 456 2967 501 nec

490 530 742 598 radices
784 531 855 597 in
896 532 1304 618 superiorem
1346 548 1602 621 partem
1644 550 2007 601 euocentur
2047 557 2265 622 neque
2307 536 2660 604 inmodicis
2706 539 2966 625 pluuiis

491 660 727 724 parum
766 638 985 705 ualida
1021 654 1345 706 uexentur
1381 640 1652 706 semina.
1744 643 1789 704 6
1828 640 1947 707 ubi
1985 664 2145 708 uero
2183 643 2318 709 iam
2355 644 2961 725 corroborauerim,

490 742 654 811 nihil
684 744 966 812 dubium
992 759 1112 825 est,
1144 746 1309 832 quin
1335 746 1725 814 caelestibus
1754 748 1944 834 aquis
1971 748 2335 836 plurimum
2363 750 2696 817 iuuentur.
2731 752 2963 840 itaque

489 850 670 931 locis,
706 851 951 937 quibus
982 851 1329 919 clementia
1359 853 1597 919 hiemis
1628 855 1970 940 permittit,
2006 856 2347 942 adapertas
2379 856 2550 923 uites
2583 858 2964 946 relinquere

488 970 556 1024 et
584 971 722 1025 tota
750 957 967 1025 hieme
998 958 1414 1045 ablaqueatas
1444 959 1686 1026 habere
1716 983 1825 1027 eas
1855 962 2225 1030 conueniet.

574 1065 679 1131 De
724 1065 1034 1151 qualitate
1078 1079 1300 1132 autem
1342 1066 1673 1133 seminum
1716 1067 1887 1134 inter
1930 1083 2229 1135 auctores
2272 1093 2411 1136 non
2455 1072 2794 1139 conuenit:
2846 1073 2959 1139 alii

490 1170 793 1237 malleolo
823 1172 1125 1258 protinus
1154 1172 1409 1239 conseri
1438 1173 1704 1240 uincam
1735 1174 1971 1240 melius
1999 1176 2396 1256 existimant,
2430 1177 2538 1242 alii
2567 1178 2959 1259 uiuiradice,

488 1277 571 1343 de
619 1299 751 1365 qua
797 1300 866 1344 re
914 1278 1079 1365 quid
1125 1279 1423 1358 sentiam,
1471 1279 1607 1346 iam
1652 1280 2101 1366 superioribus
2148 1282 2487 1369 professus
2533 1306 2706 1350 sum.
2804 1304 2849 1367 7
2892 1301 2960 1354 et

490 1406 669 1450 nunc
699 1398 922 1451 tamen
955 1384 1083 1452 hoc
1115 1385 1347 1452 adicio:
1383 1408 1525 1453 esse
1559 1387 1885 1474 quosdam
1916 1409 2126 1474 agros,
2163 1388 2409 1476 quibus
2442 1412 2578 1456 non
2610 1404 2752 1457 tam
2786 1392 2961 1459 bene

488 1491 797 1557 translata
843 1491 1095 1558 semina
1142 1514 1345 1579 quam
1392 1491 1666 1559 immota
1714 1495 2174 1581 respondeant,
2225 1497 2344 1563 sed
2392 1496 2572 1563 istud
2620 1498 2957 1565 rarissime

490 1596 805 1678 accidere;
840 1599 1207 1665 notandum
1237 1599 1397 1666 item
1429 1600 1774 1687 diligenter
1803 1600 2282 1688 explorandum
2312 1625 2454 1670 esse

662 1704 855 1791 quid
894 1727 1252 1792 quaeque
1292 1705 1496 1773 ferat
1535 1706 1773 1793 regio,
1816 1707 2010 1793 quid
2050 1730 2408 1796 quaeque
2448 1725 2785 1779 recuset.

489 1810 859 1898 depositam
887 1833 1043 1898 ergo
1074 1811 1369 1898 stirpem,
1402 1811 1474 1878 id
1503 1827 1604 1880 est
1634 1813 2012 1880 malleolum
2042 1815 2150 1880 uel
2181 1815 2633 1896 uiuiradicem,
2667 1816 2958 1884 formare

487 1917 582 1984 sic
616 1918 948 1997 conuenit,
989 1932 1065 1985 ut
1099 1919 1256 1985 uitis
1292 1919 1433 1984 sine
1469 1920 1819 2006 pedamine
1855 1921 2187 1988 consistat.
2228 1920 2356 1989 hoc
2392 1937 2613 1990 autem
2648 1924 2958 2011 protinus

488 2022 663 2090 effici
695 2046 830 2090 non
861 2038 1099 2112 potest:
1190 2027 1235 2090 8
1275 2048 1430 2091 nam
1461 2025 1589 2092 nisi
1620 2026 2098 2093 adminiculum
2129 2042 2390 2095 tenerae
2422 2043 2620 2117 atque
2652 2030 2956 2098 infirmae

488 2130 943 2211 contribueris‚
975 2154 1334 2219 prorepens
1361 2132 1717 2220 pampinus
1744 2148 1952 2199 terrae
1980 2156 2050 2200 se
2077 2133 2452 2222 adplicabit.
2484 2136 2707 2223 itaque
2735 2138 2956 2224 posito

486 2237 723 2304 semini
752 2236 1054 2304 harundo
1083 2239 1472 2317 adnectitur,
1506 2261 1675 2326 quae
1704 2239 1890 2306 uelut
1917 2239 2264 2307 infantiam
2291 2241 2433 2308 eius
2461 2256 2724 2308 tueatur
2754 2258 2956 2331 atque

486 2344 722 2410 educet
747 2345 1200 2432 producatque
1225 2345 1294 2411 in
1318 2358 1571 2412 tantam
1593 2359 1930 2425 staturam,
1960 2361 2277 2434 quantam
2299 2348 2623 2435 permittit
2648 2350 2952 2435 agricola.

489 2472 565 2516 ea
618 2472 815 2537 porro
869 2473 1005 2517 non
1060 2451 1257 2519 debet
1309 2474 1450 2518 esse
1504 2452 1827 2519 sublimis:
1886 2475 2041 2519 nam
2093 2476 2305 2541 usque
2359 2454 2430 2520 in
2483 2456 2954 2543 sesquipedem

485 2557 848 2623 coercenda
874 2571 993 2624 est.

570 2683 615 2744 9
655 2663 832 2730 Cum
877 2663 1115 2730 deinde
1160 2664 1363 2731 robur
1407 2665 1645 2752 accipit
1687 2680 1754 2733 et
1797 2665 1930 2732 iam
1973 2665 2113 2732 sine
2159 2666 2542 2734 adiumento
2586 2668 2949 2735 consistere

486 2770 681 2849 ualet,
723 2784 836 2837 aut
873 2770 1105 2857 capitis
1143 2786 1255 2837 aut
1293 2771 1714 2837 brachiorum
1752 2772 2173 2839 incrementis
2210 2772 2541 2840 adolescit.
2585 2796 2742 2840 nam
2778 2775 2952 2842 duae

486 2876 738 2963 species
759 2876 957 2943 huius
978 2899 1246 2964 quoque
1269 2878 1562 2944 culturae
1584 2892 1759 2945 sunt:
1786 2878 1893 2945 alii
1915 2879 2226 2966 capitatas
2247 2880 2494 2959 uineas,
2519 2880 2630 2945 alii
2650 2880 2951 2948 brachia-

485 2997 584 3049 tas
626 2983 834 3070 magis
877 2983 1178 3070 probant.
1226 2983 1470 3071 quibus
1512 2985 1697 3051 cordi
1739 2999 1840 3052 est
1881 2985 1951 3051 in
1993 2985 2257 3052 brachia
2298 2987 2507 3054 uitem
2549 3008 2950 3074 conponere,

484 3089 798 3156 conuenit
829 3112 1091 3156 summa
1120 3105 1324 3178 parte,
1362 3113 1493 3178 qua
1526 3091 1745 3158 decisa
1775 3090 2035 3158 nouella
2067 3092 2224 3159 uitis
2255 3106 2374 3172 est,
2412 3093 2736 3180 quicquid
2769 3094 2954 3161 iuxta

487 3194 856 3263 cicatricem
916 3196 1234 3277 citauerit‚
1299 3198 1674 3264 conseruari
1734 3211 1800 3264 et
1862 3199 1932 3264 in
1995 3212 2306 3285 quattuor
2369 3199 2636 3266 brachia
2697 3200 2952 3287 pedalis

485 3324 829 3369 mensurae
874 3302 1191 3383 diuidere,
1237 3303 1330 3370 ita
1371 3319 1446 3370 ut
1488 3327 1759 3371 omnem
1801 3319 2056 3392 partem
2100 3305 2261 3371 caeli
2302 3305 2562 3392 singula
2602 3307 2946 3394 aspiciant.

487 3430 571 3472 to
613 3408 730 3475 sed
766 3407 926 3476 haec
962 3408 1229 3476 brachia
1262 3433 1400 3477 non
1434 3411 1658 3477 statim
1693 3410 1910 3498 primo
1946 3434 2119 3478 anno
2155 3426 2294 3478 tam
2329 3434 2602 3499 procera
2636 3414 2947 3481 summit·

484 3528 736 3595 tuntur,
780 3538 862 3581 ne
901 3530 1210 3582 oneretur
1248 3516 1498 3584 exilitas
1536 3517 1712 3598 uitis,
1755 3518 1873 3584 sed
1910 3517 2342 3605 conpluribus
2380 3520 2840 3606 putationibus
2879 3520 2948 3585 in

481 3735 519 3747 -
555 3724 621 3774 35
662 3709 861 3762 adicies
895 3709 1010 3763 s¹A
1043 3736 1081 3747 -
1117 3712 1185 3775 36
1205 3720 1325 3775 post
1347 3723 1618 3764 uexentur
1639 3711 1764 3764 add.
1791 3712 1928 3764 nihil
1951 3722 2003 3765 et
2026 3730 2078 3764 u.
2104 3723 2181 3777 sp.
2206 3712 2282 3765 A¹
2317 3739 2355 3749 -
2390 3714 2870 3767 corroborauerint
2892 3716 2945 3767 R

483 3799 963 3863 conprobauerunt
988 3799 1080 3852 SA
1114 3826 1152 3837 -
1188 3814 1256 3864 37
1283 3800 1420 3854 nihil
1447 3818 1545 3853 om.
1576 3801 1666 3853 SA
1700 3827 1739 3837 —
1773 3801 2034 3855 iubentur
2056 3801 2133 3854 A¹
2164 3829 2202 3837 -
2224 3818 2293 3866 39
2315 3812 2435 3866 post
2460 3802 2642 3855 hieme
2666 3803 2793 3856 add.
2821 3821 2948 3869 per-

482 3887 652 3940 mittit
783 3888 964 3940 hieme
980 3890 1166 3942 iterum
1185 3889 1225 3942 S
1259 3916 1297 3926 -
1331 3906 1402 3953 40
1418 3890 1520 3942 alia
1536 3890 1652 3943 S²A
1685 3917 1724 3927 -
1758 3907 1822 3955 41
1845 3891 2190 3943 malleoliSA
2222 3918 2261 3928 -
2296 3891 2597 3944 uiuiradice
2616 3892 2688 3944 de
2704 3892 2947 3957 saffia-

484 3977 927 4030 uiuiradicendae
951 3978 1088 4031 S¹A²
1113 3978 1440 4031 uiuiradices
1466 3979 1535 4031 de
1559 3981 1612 4032 R
1645 4006 1683 4016 -
1718 3996 1785 4044 43
1813 3990 1936 4032 ante
1960 3980 2164 4044 quibus
2189 3980 2311 4033 add.
2342 3981 2399 4033 in
2422 3981 2475 4033 R
2509 4007 2548 4017 —
2585 3992 2703 4033 tam
2727 3998 2828 4035 om.
2856 3982 2946 4035 SA

480 4092 520 4103 -
552 4082 626 4131 44
656 4067 981 4132 respondeat
1013 4067 1053 4120 S
1086 4094 1125 4104 -
1159 4068 1292 4120 istut
1324 4068 1387 4120 S¹
1421 4095 1460 4105 -
1493 4084 1562 4134 45
1597 4070 1731 4120 item
1761 4069 1801 4121 S
1831 4069 1938 4121 itae
1967 4069 2022 4122 A
2051 4070 2237 4133 itaque
2268 4080 2323 4121 et
2353 4071 2406 4122 R
2442 4096 2480 4106 -
2508 4080 2633 4135 post
2664 4087 2784 4123 esse
2817 4070 2940 4124 add.

482 4155 734 4208 uersibus
759 4156 915 4208 aliter
937 4156 1029 4209 SA
1062 4182 1102 4193 -
1135 4157 1205 4221 46
1232 4167 1355 4209 ante
1380 4157 1515 4221 quid
1541 4157 1665 4210 add.
1693 4169 1748 4209 et
1771 4159 1824 4210 R
1856 4158 2006 4223 Verg.
2042 4184 2083 4194 -
2117 4159 2238 4222 quit
2263 4158 2315 4210 A
2349 4185 2389 4196 -
2422 4159 2561 4211 ferat
2687 4176 2945 4225 quaeque

483 4261 582 4297 om.
609 4244 671 4297 8ι
708 4271 746 4281 -
774 4254 894 4310 post
918 4246 1068 4310 regio
1092 4245 1215 4298 add.
1243 4257 1299 4298 et
1322 4247 1375 4299 R
1406 4247 1556 4311 Verg.
1595 4273 1635 4283 -
1669 4247 1791 4311 quit
1815 4247 1867 4299 A
1901 4273 1940 4283 -
1975 4258 2246 4300 recuseret
2270 4247 2387 4300 S¹A
2419 4275 2458 4284 -
2492 4262 2562 4312 47
2589 4248 2833 4301 uiridem
2855 4249 2948 4302 SA

481 4360 519 4370 -
553 4333 778 4397 48uitis
805 4334 1004 4387 om.A¹
1040 4361 1078 4372 -
1111 4336 1992 4400 49postteneraeadd.uitih20
2023 4363 2062 4373 -
2095 4336 2496 4389 infirmumSA
2529 4363 2568 4373 —
2605 4337 2877 4401 sosedA
2908 4364 2947 4374 -

483 4422 778 4487 adplicauit
803 4423 895 4476 SA
928 4450 966 4460 -
1002 4439 1064 4489 ⁵1
1094 4424 1334 4477 harundi
1358 4425 1451 4478 SA
1484 4451 1522 4461 -
1555 4425 1727 4478 uelud
1749 4425 1804 4478 A
1836 4451 1874 4462 -
1911 4442 1977 4490 53
2003 4426 2392 4490 sesquipedem
2415 4424 2523 4478 xtb
2545 4427 2946 4491 sexquipedem

483 4511 626 4564 SAR
660 4538 698 4550 -
734 4513 802 4576 56
823 4513 1009 4565 ualens
1027 4514 1080 4566 R
1112 4539 1151 4550 -
1188 4529 1257 4578 59
1270 4524 1389 4578 post
1407 4515 1668 4567 conuenit
1686 4514 1810 4566 add.
1830 4526 1893 4567 ut
1912 4532 1944 4567 a
1959 4516 2012 4568 R
2044 4541 2084 4552 -
2118 4515 2361 4579 quitquit
2380 4515 2498 4568 S¹A
2528 4541 2569 4552 -
2601 4516 2674 4568 60
2691 4516 2942 4568 citauerit

482 4600 662 4653 h⁸mo
698 4602 970 4655 curauerit
1008 4601 1751 4668 SAh¹jbr¹-braehiaom.
1792 4603 2040 4656 A1-61
2085 4604 2634 4669 coeiSA-singuli
2673 4604 2940 4669 SA-65
