3109 5559
1471 69 1592 136 Rei
1621 69 1900 136 rusticae
1929 69 2043 136 lib.
2080 70 2187 136 111
2220 92 2276 137 c.
2316 91 2520 138 11-12
2648 91 2731 158 45

264 248 647 334 pinguem
683 261 818 313 aut
855 269 1212 327 macram;
1254 247 1390 313 sed
1429 268 1684 333 neque
1723 247 2054 313 nimium
2093 247 2437 313 calidum
2475 248 2733 315 solum

263 376 502 441 posse
556 354 899 420 tolerare
951 354 1217 434 uitem,
1276 352 1460 440 quia
1511 354 1796 432 inurat,
1854 375 2108 440 neque
2163 354 2729 441 praegelidum,

262 461 647 548 quoniam
723 460 851 526 uel
932 460 1335 547 stupentis
1411 474 1488 527 et
1567 460 2022 546 congelatas
2100 459 2408 526 radices
2485 461 2732 528 nimio

259 567 569 654 frigore
609 566 913 633 moueri
954 589 1110 633 non
1149 566 1376 646 sinat,
1421 589 1619 653 quae
1658 580 1825 632 tum
1865 566 2176 632 demum
2215 589 2294 633 se
2334 582 2728 654 promunt,

139 703 215 740 10
262 696 448 740 cum
492 673 805 739 modico
849 676 1279 760 te[m]pore
1322 686 1780 752 euocantur;
1827 695 2178 740 umorem
2220 686 2476 739 terrae
2520 675 2732 741 iusto

263 780 649 847 maiorem
678 780 1181 867 putrefacere
1213 779 1579 867 deposita
1607 780 1925 846 semina:
2018 801 2058 845 2
2113 802 2386 846 rursus
2411 780 2733 847 nimiam

0 927 5 965 ,
260 886 719 955 siccitatem
768 886 1208 953 destituere
1256 886 1570 972 plantas
1619 886 1963 952 naturali
2011 886 2419 966 alimento,
2471 901 2605 953 aut
2653 889 2733 954 in

257 1007 526 1060 totum
576 1014 855 1060 necare
905 1007 1038 1059 aut
1088 992 1405 1058 scabras
1454 1006 1530 1059 et
1581 991 2017 1059 retorridas
2065 993 2347 1072 facere3
2400 992 2731 1080 perden-

260 1122 431 1166 sam
481 1100 805 1166 humum
846 1099 1216 1166 caelestis
1257 1121 1499 1185 aquas
1541 1121 1698 1165 non
1740 1098 2060 1164 sorbere
2103 1120 2243 1165 nec
2284 1099 2521 1165 facile
2563 1122 2732 1186 per-

144 1235 208 1284 15
259 1207 476 1286 flari,
526 1206 912 1272 facillime
959 1206 1366 1293 perrumpi
1414 1219 1490 1272 et
1537 1205 1917 1293 praebere
1965 1206 2221 1285 rimas,
2274 1206 2567 1292 quibus
2614 1207 2731 1273 sol

260 1314 365 1378 ad
415 1313 724 1379 radices
774 1312 1149 1399 stirpium
1198 1326 1583 1399 penetret,
1636 1312 2229 1399 ca<n>demque
2280 1313 2502 1380 uelut
2553 1335 2731 1380 con-

261 1420 541 1486 clausa
601 1433 676 1486 et
738 1432 1089 1485 coartata
1150 1419 1449 1485 semina
1511 1419 2009 1505 conprimere
2072 1433 2308 1506 atque
2371 1434 2731 1507 strangu-

262 1527 453 1593 lare:
557 1546 606 1608 3
659 1548 910 1591 raram
969 1548 1207 1612 supra
1266 1525 1584 1592 modum
1642 1526 1867 1593 uelut
1926 1548 2064 1613 per
2122 1525 2731 1593 infundibulum

256 1633 814 1700 transmittere
879 1632 1172 1699 imbres
1236 1647 1311 1699 et
1375 1633 1540 1699 sole
1606 1654 1692 1698 ac
1754 1647 1995 1699 uento
2061 1633 2382 1720 penitus
2446 1633 2732 1700 siccari

139 1768 213 1806 κο
257 1754 506 1826 atque
550 1761 1025 1818 exarescere;
1069 1761 1387 1826 grauem
1427 1752 1717 1805 terram
1760 1739 1892 1805 uix
1933 1739 2095 1805 ulla
2137 1739 2450 1805 cultura
2491 1740 2730 1807 uinci:

260 1848 527 1913 leuem
577 1845 712 1912 uix
759 1846 922 1912 ulla
971 1845 1377 1926 sustineri;
1430 1846 2038 1932 pinguissimam
2088 1860 2165 1912 et
2216 1846 2733 1913 laetissimam

261 1952 605 2032 luxuria,
661 1975 996 2019 macram
1049 1967 1125 2018 et
1177 1966 1494 2019 tenuem
1547 1952 1850 2018 ieiunio
1904 1952 2282 2018 laborare.
2339 1975 2539 2040 opus
2592 1967 2730 2033 est,

258 2060 507 2147 inquit,
550 2059 758 2125 inter
797 2058 933 2125 has
971 2073 1128 2125 tam
1169 2058 1529 2125 diuersas
1569 2059 2184 2145 inaequalitates
2222 2082 2501 2146 magno
2540 2074 2731 2126 tem-

262 2180 753 2253 peramento,
806 2166 1017 2253 quod
1065 2166 1146 2231 in
1194 2164 1666 2252 corporibus
1716 2187 2030 2252 quoque
2079 2166 2378 2232 nostris
2425 2165 2731 2233 deside-

17 2252 26 2357 ξ
148 2302 213 2350 25
264 2287 510 2352 ratur,
559 2295 895 2358 quorum
939 2272 1145 2339 bona
1190 2271 1553 2338 ualitudo
1601 2270 1841 2337 calidi
1886 2286 1962 2338 et
2006 2271 2315 2358 frigidi,
2364 2272 2616 2339 umidi
2659 2287 2736 2339 et

17 2374 27 2417 ⁸
260 2379 492 2458 aridi,
543 2378 768 2445 densi
812 2393 888 2445 et
933 2377 1090 2445 rari
1135 2392 1352 2445 certo
1396 2392 1472 2444 et
1517 2378 1743 2464 quasi
1788 2379 2233 2445 examinato
2277 2378 2509 2444 modo
2555 2401 2733 2445 con-

265 2486 534 2552 tinctu
546 2508 597 2551 r.
689 2505 732 2568 4
773 2508 896 2552 nec
929 2499 1154 2552 tamen
1189 2485 1317 2551 hoc
1351 2499 1948 2571 temperamentum
1978 2486 2048 2551 in
2084 2499 2275 2565 terra,
2316 2506 2484 2572 quae
2519 2485 2735 2551 uineis

262 2592 654 2671 destinetur,
694 2592 833 2678 pari
870 2606 1212 2659 momento
1250 2591 1562 2658 libratum
1598 2613 1740 2658 esse
1778 2590 2018 2658 debere
2055 2592 2163 2671 ait,
2205 2590 2322 2657 sed
2358 2592 2431 2657 in
2465 2591 2735 2658 alteram

263 2713 525 2785 partem
551 2698 962 2785 propensius,
992 2713 1069 2765 ut
1094 2698 1365 2765 calidior
1390 2713 1563 2765 terra
1587 2698 1672 2764 sit
1699 2721 1901 2785 quam
1925 2697 2245 2784 frigidior,
2275 2697 2507 2764 siccior
2533 2721 2737 2785 quam

147 2835 216 2882 30
259 2805 576 2885 umidior,
619 2806 823 2871 rarior
863 2829 1065 2893 quam
1106 2805 1389 2885 densior,
1432 2819 1498 2871 et
1537 2804 1592 2871 si
1634 2827 1766 2892 qua
1804 2820 1961 2871 sunt
1999 2804 2102 2871 his
2141 2805 2397 2885 similia,
2441 2805 2524 2871 ad
2566 2828 2734 2892 quae

264 2912 896 2999 contemplationem
926 2935 1116 2979 suam
1148 2906 1417 2998 derigat,
1453 2912 1570 2999 qui
1600 2912 1829 2977 uineas
1860 2911 2176 2978 instituet.

348 3038 395 3102 5
441 3020 630 3095 Quae
671 3032 926 3099 cuncta,
969 3019 1142 3085 sicut
1181 3041 1303 3104 ego
1345 3041 1510 3098 reor,
1554 3018 1763 3105 magis
1804 3032 2101 3105 prosunt,
2146 3040 2301 3084 cum
2342 3018 2735 3104 suffragatur

264 3126 468 3192 etiam
506 3139 717 3191 status
755 3125 934 3204 caeli,
978 3125 1167 3191 cuius
1206 3125 1542 3211 regionem
1583 3146 1784 3212 quam
1823 3138 2116 3211 spectare
2157 3124 2440 3191 debeant
2479 3125 2732 3205 uineae,

263 3245 462 3299 uetus
511 3245 611 3297 est
661 3232 1001 3311 dissensio,
1052 3231 1330 3298 Saserna
1377 3232 1661 3297 maxime
1710 3231 2032 3318 probante
2080 3231 2237 3297 solis
2285 3244 2526 3310 ortm,
2579 3254 2737 3298 mox

151 3366 215 3415 35
264 3338 509 3405 deinde
541 3337 907 3417 meridiem,
944 3352 1092 3404 tum
1123 3358 1450 3417 occasum,
1487 3336 1824 3403 Tremelio
1856 3337 2086 3403 Scrofa
2110 3336 2530 3424 praecipuam
2555 3338 2734 3424 posi-

5 2836 24 2923 ἰ

267 3557 306 3568 -
334 3533 370 3584 6
411 3549 659 3596 magram
701 3531 792 3583 SA
825 3558 864 3568 -
899 3544 933 3596 7
973 3543 1159 3596 pooeet
1200 3548 1426 3584 onerare
1466 3531 1527 3583 S¹
1563 3558 1603 3568 -
1638 3547 1671 3594 9
1713 3530 1914 3595 frigore
1955 3529 2203 3597 ‹1¹71pr
2226 3530 2413 3596 frigori
2438 3532 2580 3584 SAR
2601 3558 2639 3569 -
2667 3547 2732 3584 10

267 3620 988 3686 teporexutanporesan
1020 3647 1059 3657 -
1093 3622 1395 3673 euocantR
1429 3647 1467 3656 -
1507 3637 1571 3674 12
1589 3620 1934 3672 autSutAR
1955 3647 1992 3656 -
2020 3636 2080 3684 13
2102 3637 2325 3672 neccare
2345 3620 2435 3673 SA
2457 3648 2496 3657 -
2523 3621 2733 3674 16ean-

267 3711 513 3775 demque
553 3723 597 3776 γ
625 3711 931 3774 eademque
960 3710 1103 3762 SAR
1137 3737 1174 3746 —
1209 3709 1379 3762 uelud
1408 3709 1462 3761 A
1494 3736 1533 3746 -
1574 3709 1638 3761 18
1669 3709 2049 3762 infudibulum
2078 3709 2118 3761 S
2151 3736 2190 3745 -
2225 3725 2295 3762 2ο
2325 3727 2663 3763 exrarescere
2692 3711 2733 3763 S

265 3826 304 3836 -
333 3800 510 3852 ullam
538 3799 753 3852 cultura
782 3799 858 3851 A¹
889 3799 1061 3851 ullam
1092 3800 1363 3852 culturam
1393 3797 1640 3863 ΑἸιξίλσ
1671 3825 1710 3835 -
1746 3798 1893 3850 uinci
1926 3799 2106 3850 leuem
2138 3798 2230 3850 SA
2260 3799 2581 3852 uincibilem
2610 3801 2663 3851 R
2696 3827 2735 3837 -

268 3905 337 3942 22
368 3889 646 3941 luxuriam
676 3888 789 3940 SA¹
825 3914 864 3924 -
898 3905 1084 3952 agram
1113 3888 1253 3940 S¹A¹
1283 3904 1529 3952 magram
1559 3887 1697 3940 S¹A¹
1732 3914 1772 3923 —
1806 3888 2010 3939 iaiunio
2040 3888 2080 3940 S
2114 3914 2153 3923 -
2187 3887 2461 3940 laborrare
2490 3889 2553 3941 S¹
2588 3915 2627 3924 -
2663 3904 2729 3953 23

270 3978 468 4042 inquid
501 3978 554 4029 A
588 4004 627 4013 -
662 3977 886 4030 interest
918 3977 1010 4029 SA
1042 4004 1081 4014 -
1116 3977 1500 4041 inaequalitate
1531 3977 1585 4028 A
1619 4003 1658 4013 -
1693 3992 1758 4040 25
1795 3977 2055 4029 ualetudo
2080 3975 2314 4041 imfry·
2347 4004 2387 4014 -
2421 3978 2490 4031 26
2524 3978 2730 4030 exami-

269 4068 382 4119 nati
408 4066 504 4119 SA
536 4092 576 4102 —
611 4066 955 4119 contineatur
979 4066 1072 4118 SA
1104 4093 1142 4103 -
1178 4080 1245 4130 27
1271 4076 1767 4129 temperamentom
1789 4065 1864 4117 A¹
1885 4092 1925 4102 —
1948 4066 2015 4119 28
2042 4083 2160 4118 esse
2187 4067 2387 4118 debere
2412 4067 2487 4119 ait
2511 4068 2563 4118 R
2588 4078 2731 4119 esset

271 4156 537 4208 deberent
580 4155 671 4207 SA
704 4182 743 4191 -
776 4166 858 4207 set
899 4155 961 4207 S¹
997 4182 1036 4191 -
1072 4171 1141 4220 30
1181 4156 1251 4207 ad
1293 4171 1436 4218 quae
1474 4155 1527 4205 R
1569 4165 1735 4219 atque
1775 4154 1866 4206 SA
1899 4181 1938 4191 -
1974 4171 2036 4219 31
2083 4172 2281 4207 exuam
2321 4156 2413 4208 SA
2446 4182 2485 4192 -
2520 4156 2731 4220 derigat

270 4246 451 4309 scripsi
481 4245 726 4309 derigam
756 4243 847 4297 SA
877 4244 1075 4308 dirigat
1105 4245 1157 4295 R
1189 4271 1229 4281 -
1263 4244 1425 4296 uinea
1455 4244 1496 4296 S
1529 4270 1569 4279 —
1605 4259 1669 4308 33
1704 4244 1867 4295 uinae
1896 4243 1959 4296 S¹
1994 4269 2033 4280 -
2060 4260 2129 4308 34
2152 4245 2424 4297 dissensio
2444 4260 2596 4314 ογρᾳ
2620 4245 2734 4297 dis-

277 4334 453 4387 sentio
482 4334 626 4387 SAR
652 4360 694 4371 ·-
719 4333 978 4398 probanti
1009 4333 1100 4385 SA
1135 4360 1173 4371 -
1209 4349 1237 4397 3
1244 4349 1273 4398 5
1308 4333 1588 4385 Tremelio
1616 4333 1731 4385 Ash
1754 4332 2061 4384 Tremelior
2082 4333 2176 4385 SA
2196 4332 2506 4385 Tremelius
2530 4331 2733 4398 hjfyc·

278 4422 605 4476 Tremellius
640 4421 717 4488 λρ
751 4449 790 4461 -
826 4423 895 4488 36
929 4422 1230 4475 meridiana
1261 4421 1376 4474 SA¹
1411 4447 1450 4458 -
1483 4433 1730 4474 censente
1763 4421 1817 4473 A
1850 4447 1888 4457 -
1923 4422 1994 4473 de
2016 4434 2060 4487 γ
2082 4422 2282 4473 deinde
2304 4421 2447 4474 SAR
2469 4421 2588 4474 wide
2609 4422 2730 4474 diss.
