3109 5559
330 267 403 317 4ο

339 800 407 850 45

338 1333 408 1383 59

340 1865 405 1916 55

441 61 526 147 48
657 60 736 127 L.
771 60 924 126 Iuni
955 58 1290 126 Moderati
1319 58 1726 126 Columellae

448 237 665 317 debet,
715 259 799 304 ne
845 250 1075 324 postea
1117 236 1440 303 fossorem
1487 249 1800 316 moretur,
1850 258 2020 303 neue
2066 236 2198 302 iam
2243 234 2646 322 pastinatum
2692 234 2927 302 solum

448 344 814 411 iacentibus
835 344 1124 411 molibus
1145 344 1564 430 imprimatur
1585 356 1651 410 et
1672 343 2160 430 exportantium
2182 364 2399 409 ramos
2420 355 2618 429 atque
2639 356 2926 408 truncos

450 452 749 538 ingressu
775 451 1212 538 proculcetur.
1303 469 1347 532 7
1388 473 1606 538 neque
1633 450 1813 517 enim
1841 472 2075 536 parum
2103 448 2302 516 refert
2327 448 2926 536 suspensissimum

448 580 589 624 esse
630 558 1033 644 pastinatum
1072 570 1158 637 et,
1202 557 1257 622 si
1297 556 1439 623 fieri
1479 556 1709 643 possit,
1752 556 2031 643 uoetigio
2072 577 2340 643 quoque
2380 556 2803 633 inuiolatum,
2849 567 2927 620 ut

449 678 630 731 mota
665 664 1021 752 aequaliter
1056 663 1302 730 humus
1337 664 1584 730 nouelli
1618 663 1890 729 seminis
1925 662 2274 742 radicibus,
2314 684 2817 750 quamcumque
2854 661 2926 727 in

455 786 710 858 partem
765 771 1230 857 prorepserint,
1288 770 1573 837 molliter
1609 770 1798 836 cedat
1828 791 1951 836 nec
1981 770 2383 836 incrementa
2415 769 2657 835 duritia
2687 768 2928 856 s[it]ua

450 877 825 944 reuerberet
849 877 967 943 sed
993 891 1218 944 tenero
1244 877 1452 943 ueluti
1478 877 1752 944 nutritio
1778 877 1929 942 sinu
1955 876 2227 962 recipiat
2248 891 2317 943 et
2339 876 2648 943 caelestes
2673 875 2925 941 admit-

449 998 545 1051 tat
595 984 841 1051 imbres
890 1005 1136 1071 eosque
1187 984 1439 1050 alendis
1487 983 1854 1050 seminibus
1904 983 2239 1070 dispenset
2288 1005 2364 1050 ac
2413 982 2551 1049 suis
2599 981 2926 1048 omnibus

450 1090 750 1178 partibus
780 1090 865 1156 ad
895 1090 1308 1156 educandam
1339 1090 1594 1176 prolem
1624 1112 1872 1156 nouam
1901 1090 2252 1176 conspiret.

541 1200 586 1261 8
623 1197 1029 1284 Campestris
1060 1198 1245 1264 locus
1274 1197 1400 1263 alte
1433 1197 1603 1263 duos
1634 1197 1837 1283 pedoe
1867 1210 1933 1263 et
1963 1196 2303 1262 semissem
2333 1195 2763 1262 infodiendus
2796 1208 2921 1275 est,

451 1304 728 1370 adcliuis
773 1304 952 1390 regio
997 1304 1137 1383 tris,
1186 1304 1600 1390 praeruptior
1646 1326 1805 1370 uero
1852 1303 2037 1369 collis
2082 1303 2191 1370 uel
2238 1303 2308 1369 in
2355 1316 2667 1390 quattuor
2713 1302 2927 1390 pedes

451 1410 832 1490 uertendus,
867 1410 1203 1498 quoniam,
1237 1431 1392 1476 cum
1422 1409 1505 1476 ab
1537 1410 1872 1496 superiore
1903 1424 2087 1496 parte
2119 1410 2188 1475 in
2218 1409 2597 1476 inferiorem
2628 1408 2924 1476 detrahi-

452 1530 562 1584 tur
589 1516 854 1597 humus,
884 1517 998 1584 uix
1025 1516 1275 1583 iustum
1302 1517 1723 1604 pastinationi
1745 1516 2014 1603 praebet
2033 1531 2383 1603 regestum,
2411 1520 2535 1600 [ac]
2558 1516 2684 1583 nisi
2703 1515 2926 1582 multo

454 1623 799 1690 editiorem
842 1624 1053 1709 ripam
1097 1645 1298 1710 quam
1341 1623 1411 1689 in
1453 1624 1652 1710 plano
1695 1623 1946 1690 feceris.
1993 1645 2220 1690 rursus
2263 1623 2588 1709 depressis
2629 1622 2924 1690 uallibus

453 1730 675 1796 minus
702 1731 828 1797 alte
857 1729 1121 1796 duobus
1148 1729 1432 1816 pedibus
1459 1730 1706 1817 deponi
1731 1730 1997 1796 uineam
2024 1752 2160 1796 non
2187 1729 2420 1816 placet;
2449 1752 2606 1796 nam
2632 1742 2928 1816 praestat

452 1858 589 1903 non
620 1858 960 1903 conserere
993 1858 1197 1923 quam
1226 1836 1296 1902 in
1328 1859 1590 1902 summa
1619 1850 1790 1903 terra
1820 1836 2243 1923 suspendere,
2277 1836 2405 1902 nisi
2435 1836 2492 1902 si
2521 1850 2745 1903 tamen
2776 1857 2925 1902 sca·

453 1943 703 2030 turrigo
748 1943 1055 2029 palustris
1098 1942 1299 2010 obuia
1347 1942 1493 2027 [fit],
1541 1943 1712 2009 sicut
1756 1943 1825 2009 in
1869 1965 2024 2030 agro
2072 1944 2472 2022 Rauennate,
2518 1943 2670 2029 plus
2715 1964 2925 2030 quam

455 2049 920 2137 sesquipedem
950 2049 1297 2136 prohibeat
1327 2049 1645 2116 infodere.

549 2177 593 2238 9
631 2156 930 2222 Primum
974 2170 1196 2223 autem
1241 2157 1556 2242 praedicti
1602 2157 1820 2243 operis
1863 2157 2209 2223 exordium
2253 2170 2352 2223 oet
2396 2179 2552 2236 non,
2600 2169 2676 2223 ut
2721 2155 2927 2222 huius

452 2264 773 2350 temporis
803 2263 1101 2350 plerique
1132 2262 1384 2330 faciunt
1414 2263 1752 2349 agricolae,
1786 2264 2104 2350 paulatim
2134 2264 2393 2330 sulcum
2424 2263 2703 2330 exaltare
2733 2277 2801 2330 et
2835 2263 2927 2330 ita

453 2369 747 2436 secundo
777 2369 884 2435 uel
915 2370 1108 2436 tertio
1138 2369 1346 2456 gradu
1377 2370 1722 2455 peruenire
1752 2370 1836 2436 ad
1867 2370 2258 2436 destinatam
2289 2369 2744 2456 pastinationis
2773 2369 2923 2436 alti-

453 2475 777 2554 tudinem,
811 2475 929 2541 sed
959 2476 1263 2561 protinus
1291 2476 1649 2562 aequaliter
1677 2476 1848 2543 linea
1876 2476 2089 2563 posita
2119 2476 2312 2543 rectis
2342 2475 2653 2543 lateribus
2682 2498 2922 2563 perpe-

455 2596 642 2649 tuam
687 2581 933 2648 fossam
979 2582 1259 2649 educere
1305 2595 1371 2648 et
1417 2596 1569 2668 post
1614 2597 1873 2669 tergum
1920 2597 2170 2649 motam
2215 2582 2499 2649 humum
2544 2605 2921 2670 conponere

457 2702 656 2776 atque
709 2689 778 2754 in
828 2702 1090 2755 tantum
1142 2688 1531 2774 deprimere,
1588 2689 1800 2755 donec
1851 2689 2217 2756 altitudinis
2268 2711 2646 2756 mensuram
2697 2690 2922 2756 datam

457 2793 724 2880 ceperit.
816 2816 900 2859 ιο
943 2808 1089 2861 tum
1139 2816 1257 2880 per
1305 2816 1503 2860 omne
1553 2795 1842 2881 spatium
1890 2796 2133 2882 gradus
2182 2795 2538 2883 aequaliter
2586 2795 2921 2862 mouenda

455 2900 625 2967 linea
654 2914 773 2979 est,
807 2901 1402 2987 optinendumque,
1435 2915 1511 2968 ut
1540 2902 1774 2968 eadem
1805 2902 2083 2969 latitudo
2113 2902 2183 2969 in
2215 2903 2350 2969 imo
2383 2902 2714 2981 reddatur,
2751 2923 2920 2990 quae

456 3020 688 3093 coepta
710 3020 810 3074 est
832 3007 902 3074 in
926 3029 1210 3074 summe.
1236 3028 1407 3093 opus
1429 3021 1529 3075 est
1552 3022 1775 3075 autem
1798 3008 2009 3094 perito
2033 3023 2100 3076 et
2122 3009 2434 3095 uigilante
2457 3022 2777 3088 exactore,
2805 3007 2921 3096 qui

457 3113 670 3199 ripam
705 3114 866 3200 erigi
901 3113 1124 3180 iubeat
1151 3115 1551 3203 sulcumque
1588 3116 1852 3181 uacuari
1888 3137 1963 3181 ac
1998 3128 2215 3182 totum
2250 3116 2538 3201 spatium
2573 3115 2764 3182 crudi
2799 3114 2922 3181 soli

456 3242 612 3286 cum
656 3234 874 3287 emota
919 3221 1049 3286 iam
1095 3234 1265 3287 terra
1309 3221 1656 3301 committi,
1704 3221 1875 3288 sicut
1918 3222 2222 3308 praecepi
2265 3222 2481 3308 priore
2528 3221 2716 3301 libr0,
2765 3243 2919 3288 cum

456 3327 681 3393 arandi
714 3327 1035 3393 rationem
1065 3328 1410 3408 traderem,
1447 3328 1803 3407 monend0‚
1838 3328 2079 3395 necubi
2110 3351 2377 3395 scamna
2408 3328 2801 3396 omittantur
2829 3342 2914 3407 et,

456 3601 574 3654 erui
599 3612 652 3653 et
677 3601 805 3653 A¹R
829 3601 970 3653 eruit
994 3602 1107 3654 SA¹
1143 3629 1181 3639 -
1215 3619 1287 3667 40
1312 3620 1382 3655 ne
1406 3601 1579 3668 h'jzo
1602 3614 1663 3655 ut
1688 3601 1754 3654 12¹
1780 3620 1880 3656 om.
1907 3602 1999 3655 SA
2032 3629 2070 3639 —
2104 3614 2421 3656 moueretur
2444 3603 2536 3655 SA
2568 3630 2606 3640 -
2641 3620 2714 3668 44
2737 3615 2918 3656 motae

457 3691 549 3743 SA
587 3717 625 3727 -
660 3689 845 3743 noueli
879 3689 943 3742 8¹
977 3691 1210 3744 nouellis
1242 3692 1296 3743 R
1329 3718 1367 3728 -
1401 3692 1598 3744 semini
1634 3692 1726 3744 SA
1759 3719 1797 3729 -
1831 3708 1898 3756 45
1937 3692 2281 3756 proreperint
2316 3692 2431 3744 SA¹
2465 3718 2503 3728 —
2536 3693 2721 3744 credat
2758 3693 2850 3745 SA
2882 3717 2918 3728 -

457 3796 528 3832 ne
548 3779 602 3830 R
635 3805 673 3815 -
707 3795 806 3831 sua
824 3777 963 3830 h¹m
982 3779 1124 3832 situa
1142 3780 1256 3832 SA¹
1275 3781 1418 3833 stiua
1437 3781 1511 3833 A¹
1531 3792 1616 3833 sta
1633 3779 1700 3832 12¹
1720 3791 1843 3833 stua
1860 3779 1925 3845 sy
1944 3782 2046 3833 ista
2063 3794 2099 3847 ρ
2119 3798 2217 3834 om.
2232 3780 2344 3846 iba
2376 3808 2414 3818 -
2448 3782 2519 3845 46
2532 3791 2655 3846 post
2672 3782 2772 3834 sed
2791 3780 2913 3834 add.

457 3885 527 3921 ne
553 3867 681 3920 Ιιλσ
714 3895 752 3905 -
787 3867 959 3921 ueluti
984 3869 1213 3921 nutritio
1235 3870 1417 3934 scripsi
1438 3870 1804 3922 uelutintritio
1827 3869 1867 3922 S
1892 3870 2262 3922 uelutintricio
2285 3870 2359 3922 A¹
2384 3870 2558 3922 ueluti
2583 3870 2822 3923 nutricio
2845 3868 2919 3923 A¹

457 3957 614 4009 uelut
646 3957 703 4009 in
733 3957 962 4009 nutritio
992 3958 1226 4021 (nutrito
1253 3958 1312 4024 ρ)
1341 3959 1395 4010 R
1428 3986 1466 3996 -
1500 3975 1572 4023 49
1602 3960 1756 4011 locus
1787 3976 1885 4011 om.
1917 3959 1970 4011 A
2003 3985 2042 3995 —
2074 3959 2301 4011 semisse
2329 3958 2403 4011 A¹
2439 3985 2478 3995 —
2514 3975 2583 4023 5ο
2611 3970 2721 4011 tres
2752 3959 2848 4025 A'j
2883 3984 2921 3995 -

457 4046 776 4110 praeruptio
800 4044 893 4097 SA
927 4072 965 4082 -
1002 4062 1062 4110 5ι
1095 4046 1154 4098 in
1180 4064 1278 4099 om.
1307 4047 1347 4099 S
1381 4074 1419 4084 -
1456 4064 1522 4112 5²
1549 4048 1656 4100 nisi
1682 4055 1706 4100 t
1732 4064 1796 4100 ac
1821 4047 1926 4100 nisi
1952 4048 2095 4100 SAR
2129 4075 2167 4085 -
2203 4062 2268 4112 55
2297 4048 2573 4113 scaturigo
2596 4048 2650 4099 R
2683 4074 2723 4084 -
2761 4050 2829 4113 56
2856 4049 2917 4101 fit

456 4133 818 4199 smne
840 4134 910 4186 sit
927 4133 952 4199 j
978 4146 1058 4187 est
1082 4151 1115 4187 r
1137 4152 1236 4188 om.
1261 4151 1306 4200 p
1339 4162 1378 4172 —
1413 4137 1693 4189 Rauenate
1716 4137 1792 4189 A¹
1826 4163 1865 4173 -
1900 4150 1968 4201 57
1992 4137 2388 4201 sexquipedem
2408 4135 2513 4203 spa
2546 4163 2586 4173 -
2619 4137 2917 4201 prohibent

454 4223 582 4275 Ιιλσ
616 4224 873 4288 prohibet
901 4222 972 4288 jn
1006 4250 1044 4260 -
1081 4240 1149 4288 59
1185 4224 1394 4277 faciunt
1429 4225 1521 4278 SR
1555 4226 1662 4278 faci
1698 4243 1767 4278 ex
1800 4226 1853 4278 A
1886 4252 1924 4262 -
1958 4243 2157 4279 sucum
2191 4226 2244 4278 A
2277 4252 2317 4262 -
2350 4227 2415 4278 6ι
2457 4226 2651 4279 erectis
2684 4227 2738 4278 R
2774 4253 2813 4263 -
2848 4227 2918 4290 64

454 4313 697 4377 coeperit
728 4311 907 4376 sun
941 4339 979 4349 -
1013 4314 1312 4377 aequaliter
1338 4314 1392 4365 R
1423 4326 1477 4367 et
1510 4316 1743 4379 qualiter
1773 4315 1865 4367 SA
1899 4341 1937 4351 -
1971 4316 2038 4380 65
2073 4315 2233 4367 latitu
2263 4314 2325 4367 S¹
2358 4314 2593 4368 altitudo
2623 4315 2697 4368 A¹
2734 4342 2772 4352 -
2807 4332 2920 4381 qua

471 4401 559 4454 m
594 4428 632 4438 -
665 4403 735 4454 66
774 4412 970 4466 coapta
1007 4402 1082 4454 A¹
1119 4413 1279 4467 cepta
1307 4401 1411 4469 ipa
1444 4431 1482 4441 -
1516 4405 1588 4468 69
1626 4404 1908 4457 monendo
1945 4421 2045 4456 om.
2086 4404 2178 4456 SA
2212 4430 2250 4440 -
2283 4420 2487 4457 scanna
2525 4403 2740 4470 ›styc-
2773 4430 2811 4442 ·—
2849 4418 2920 4469 70
