3109 5559
908 213 1022 259 nm
1056 212 1377 259 Rvsncass
1408 213 1538 258 Lm.
1574 212 1698 258 vm
1730 212 1787 259 e.
1826 214 1901 276 17
2437 197 2514 259 61

267 395 629 456 numquam
651 376 1043 438 destituitur.
1066 374 1253 455 spissi
1273 375 1502 437 deinde
1522 374 1709 437 clatri
1727 375 2121 455 marginibus
2139 374 2516 454 infiguntur,
2542 384 2617 428 10

268 484 385 565 qui
428 502 621 562 super
663 501 902 562 aquam
946 501 1196 561 semper
1238 481 1584 553 emineant,
1630 482 1828 543 etiam
1872 501 2021 543 cum
2064 481 2259 543 maris
2304 488 2520 544 aestus

266 589 670 652 intumuerit.
722 607 875 650 mox
922 587 1399 669 praeiaciuntur
1442 588 1511 649 in
1557 607 1790 668 gyrum
1836 589 2054 660 moles,
2104 588 2199 649 ita
2247 594 2321 650 ut
2370 607 2519 650 con-

268 698 640 778 plectantur
665 695 810 757 sinu
839 714 957 757 suo
984 700 1050 756 et
1079 701 1300 756 tamen
1329 695 1645 756 excedant
1673 695 1887 774 stagni
1913 694 2198 756 modum.
2230 693 2320 757 sic
2348 695 2519 756 enim

211 819 247 869 5
268 810 337 866 et
373 803 566 864 maris
599 802 907 864 atrocitas
939 801 1196 863 obiectu
1228 801 1570 881 crepidinis
1601 800 1937 880 frangitur,
1973 807 2038 863 et
2072 802 2138 862 in
2172 801 2521 881 tranquillo

269 910 625 972 consistens
676 907 866 988 piscis
916 908 1174 970 sedibus
1225 907 1357 969 suis
1408 927 1538 969 non
1591 909 1994 979 exturbatur,
2049 926 2257 988 neque
2308 907 2522 987 ipsum

268 1015 595 1078 uiuarium
625 1014 906 1094 repletur
934 1013 1243 1094 congerie,
1277 1033 1473 1094 quam
1504 1014 2002 1093 tempestatibus
2031 1020 2282 1076 eructat
2313 1014 2522 1094 pelagi

269 1122 598 1184 uiolentia.
636 1120 958 1201 oportebit
993 1127 1215 1182 autem
1247 1120 1570 1182 nonnullis
1601 1120 1755 1182 locis
1786 1121 1986 1182 moles
2018 1119 2312 1182 intercidi
2345 1140 2520 1182 more
2544 1129 2616 1173 11

272 1229 604 1291 Maeandri
666 1226 883 1307 paruis
943 1227 1056 1289 sed
1117 1225 1407 1307 angustis
1468 1226 1821 1299 itineribus,
1886 1246 2052 1307 quae
2115 1227 2521 1306 quantalibet

172 1354 251 1389 10
272 1335 501 1397 hiemis
529 1333 799 1397 saeuitia
829 1353 1003 1395 mare
1031 1333 1166 1396 sine
1195 1334 1402 1395 fluctu
1432 1333 1901 1396 transmittant.

356 1443 523 1503 Esca
569 1439 917 1502 iacentium
965 1439 1214 1501 mollior
1259 1458 1394 1501 esse
1442 1439 1636 1501 debet
1684 1459 1882 1520 quam
1929 1439 2318 1502 saxatilium.
2369 1458 2521 1500 nam

271 1548 428 1628 quia
458 1548 760 1610 dentibus
788 1553 1028 1618 carent,
1060 1551 1175 1607 aut
1205 1546 1502 1607 lambunt
1532 1546 1711 1608 cibos
1739 1552 1855 1608 aut
1884 1545 2164 1625 integros
2192 1546 2520 1617 hauriunt,

271 1654 576 1716 mandere
601 1654 862 1734 quidem
885 1672 1015 1714 non
1038 1658 1328 1732 possunt.
1355 1652 1577 1732 itaque
1600 1653 1891 1733 praeberi
1912 1651 2216 1715 conuenit
2239 1652 2525 1714 tabentis
2547 1661 2621 1707 12

270 1761 619 1822 halleculas
641 1766 707 1821 et
732 1760 971 1822 salibus
994 1774 1250 1821 exesam
1274 1759 1628 1821 chalcidem
1650 1766 2035 1840 putremque
2057 1758 2381 1821 sardinam
2407 1778 2525 1820 nec

168 1886 249 1935 15
270 1867 489 1929 minus
546 1886 881 1929 saurorum
941 1866 1335 1938 branchiam,
1396 1866 1501 1927 uel
1561 1865 1870 1945 quicquid
1927 1864 2217 1928 intestini
2257 1865 2526 1945 pelamis

271 1979 391 2035 aut
423 1974 698 2035 lacertus
726 1973 909 2053 gerit,
941 1979 1085 2034 tum
1114 1972 1392 2035 scombri
1420 1972 1832 2052 carcharique
1861 1978 1927 2034 et
1958 1972 2243 2034 elaeatae
2272 1978 2526 2033 uenter·

271 2080 470 2152 culos,
494 2086 559 2141 et
581 2115 665 2124 —
684 2099 765 2141 ne
785 2099 900 2159 per
919 2079 1169 2158 singula
1188 2097 1553 2140 enumerem
1575 2114 1659 2123 —
1679 2079 2212 2140 salsamentorum
2238 2078 2527 2140 omnium

272 2192 720 2267 purgamenta,
763 2205 928 2265 quae
967 2185 1351 2247 cetariorum
1390 2184 1667 2247 officinis
1704 2191 2104 2247 euertuntur.
2147 2204 2265 2247 nos
2304 2190 2526 2246 autem

273 2292 463 2373 plura
507 2291 982 2354 nominauimus
1024 2310 1275 2371 genera,
1322 2310 1452 2353 non
1498 2292 1652 2371 quia
1688 2298 1923 2353 cuncta
1953 2292 2202 2354 cunctis
2233 2291 2528 2353 litoribus

352 2542 375 2576 1
411 2527 544 2578 clati
576 2521 627 2575 A
858 2527 1171 2590 infiguntur
1218 2521 1371 2596 ΒΑφ
1419 2526 1774 2591 intinguntur
1820 2523 1873 2577 R.
1918 2528 2238 2579 infunditur
2266 2536 2303 2578 ι

270 2630 306 2665 2
340 2630 490 2680 aqua
519 2610 570 2664 A
785 2630 916 2667 cum
965 2617 1136 2666 maris
1163 2653 1174 2666 .
1205 2654 1218 2665 .
1249 2654 1261 2666 .
1293 2617 1743 2681 complectantur
1792 2632 1894 2667 om.
1927 2611 1985 2665 bl
2201 2630 2232 2679 3
2267 2618 2448 2680 girum
2477 2611 2530 2668 R

265 2705 478 2769 aliquot
505 2718 704 2768 cyrum
734 2699 808 2753 A²
985 2705 1400 2768 complectatur
1429 2704 1614 2774 qux¹
1793 2708 1829 2754 6
1858 2706 2105 2770 piscibus
2129 2704 2260 2774 91:¹²
2281 2705 2529 2769 piscibus

268 2794 445 2858 piscis
474 2803 525 2843 w
742 2808 772 2857 7
803 2797 994 2844 erutat
1037 2789 1084 2843 tl
1127 2797 1356 2857 eruptat
1395 2790 1524 2843 kent
1739 2795 1771 2843 8
1803 2794 1981 2844 mules
2010 2789 2084 2843 A²
2263 2808 2415 2844 more
2444 2789 2530 2845 812

272 2896 491 2932 morem
538 2896 604 2932 ac
634 2877 685 2931 A
897 2896 933 2942 9
965 2883 1324 2933 maeneandri
1368 2878 1403 2933 8
1433 2884 1667 2934 neandri
1697 2878 1748 2932 A
1961 2884 2172 2947 paruis]
2206 2884 2400 2947 potius
2429 2879 2531 2941 oda

262 2968 522 3041 oefi¹qnx²
738 2973 1012 3036 angustiis
1041 2966 1092 3020 A
1306 2973 1664 3036 quantalibet
1702 2968 1755 3022 R.
1784 2972 2148 3036 quantalibus
2178 2976 2237 3021 et
2267 2966 2354 3023 SA

280 3074 347 3110 10
379 3061 549 3111 hiemi
577 3054 664 3111 SA
876 3062 1235 3110 transmittat
1265 3056 1318 3110 R.

354 3164 412 3199 11
448 3163 576 3201 esca
602 3144 689 3201 SA
718 3148 898 3212 hi(n)c
929 3163 1056 3199 esca
1083 3145 1136 3199 R.
1312 3149 1640 3199 sexatilium
1668 3147 1705 3199 l
1733 3149 1995 3199 saxilium
2017 3158 2050 3200 ο
2070 3151 2371 3201 sextalium
2395 3145 2532 3208 (οὓς

496 3251 559 3287 12
591 3252 706 3302 qua
740 3237 904 3302 (quae
934 3234 1013 3302 8⁸)
1049 3239 1315 3288 dentibus
1345 3234 1380 3289 8
1410 3238 1795 3302 quadantibus
1824 3233 1875 3287 A
2058 3253 2122 3302 13
2154 3240 2421 3290 mandare
2444 3234 2531 3291 SA

490 3327 735 3376 talentes
769 3335 834 3384 op
1036 3343 1099 3391 14
1132 3327 1463 3378 halleculam
1491 3321 1579 3377 SA
1609 3327 1907 3378 helleculas
1936 3336 2002 3386 ov
2032 3329 2292 3381 alleculas
2321 3336 2354 3378 ο

263 3416 546 3468 calcidem
573 3411 626 3465 R.
655 3416 860 3481 aliquot
1015 3416 1318 3466 sardiniam
1347 3412 1400 3466 R.
1429 3416 1638 3480 aliquot
1798 3431 1861 3479 15
1892 3431 2184 3467 saurorum
2214 3418 2409 3482 scripsi
2444 3418 2522 3481 (ιι.

275 3506 410 3555 Ηεε.
444 3509 499 3568 p.
535 3505 644 3568 29):
677 3518 944 3555 aurorum
971 3499 1058 3556 SA
1086 3518 1414 3556 scaurorum
1441 3500 1494 3554 R.
1708 3506 1938 3556 brachia
1968 3501 2215 3575 oenqnx1t
2243 3506 2531 3557 brachiam

272 3589 394 3643 hiae
424 3593 738 3645 blacchiam
766 3588 789 3642 1
816 3594 1108 3645 brachium
1138 3593 1195 3642 in
1226 3602 1263 3644 ι
1414 3595 1670 3658 quicquit
1701 3588 1752 3642 A
1904 3594 1994 3643 uel
2023 3599 2082 3643 et
2112 3603 2148 3651 p
2297 3596 2533 3659 pelamis

262 3679 330 3734 R
358 3684 595 3748 pelanus
625 3683 718 3732 uel
745 3684 1000 3747 pelamus
1028 3677 1393 3751 odiufiqnxvae
1422 3683 1578 3747 pelas
1607 3678 1629 3731 i
1657 3684 1747 3747 pel
1779 3698 1901 3733 cum
1932 3683 2030 3733 lac.
2062 3679 2131 3734 εἰ
2158 3684 2395 3748 palemis
2422 3678 2533 3735 SAt

278 3772 500 3822 selamis
528 3779 564 3828 D
748 3773 813 3820 16
843 3773 985 3835 gerit
1025 3775 1151 3820 tum
1182 3780 1246 3820 00
1276 3773 1517 3835 geritum
1545 3765 1633 3822 BA
1662 3772 1804 3835 gerit
1834 3787 1963 3822 cum
1992 3768 2045 3822 R.
2221 3773 2433 3823 elacate
2465 3780 2530 3823 ω

277 3862 492 3910 elecate
522 3855 813 3916 diux'vym
843 3860 1090 3910 eleutate
1120 3867 1157 3917 α
1184 3861 1363 3910 elacte
1397 3869 1449 3909 ω
1480 3861 1627 3909 lacte
1656 3869 1722 3909 u
1753 3861 1992 3925 lapt(a)e
2014 3856 2151 3912 SAR
2171 3862 2362 3912 cloaco
2383 3856 2529 3912 lom.

266 3949 357 3999 οἱ
505 3949 859 3999 uenterculos
889 3963 990 3999 om.
1024 3948 1100 3997 oe²
1252 3962 1318 4011 17
1348 3949 1566 4012 singule
1596 3962 1886 3999 numerem
1920 3950 2168 4013 (numere
2197 3945 2265 4014 A)
2299 3945 2386 4002 SA

286 4039 350 4088 18
382 4042 879 4102 purgamentorum
908 4032 980 4086 A¹
1160 4038 1494 4088 cetariorum
1524 4033 1578 4087 R.
1606 4039 1943 4089 ceteriorum
1971 4034 2086 4088 h¹ol
2113 4044 2425 4090 ceterarum
2447 4034 2534 4091 SA

267 4131 531 4178 ceterum
560 4135 597 4177 ι
816 4139 881 4187 19
911 4126 1350 4189 nominauimus]
1398 4128 1851 4178 enumerauimus
1894 4128 1983 4178 uel
2015 4129 2430 4179 nominauimus
2459 4136 2533 4198 φ
