3109 5559
73 477 101 526 ⁵

1367 267 1486 334 Rei
1516 268 1795 335 rusticae
1823 266 1938 334 lib.
1969 268 2033 332 V
2060 289 2117 334 c.
2157 288 2362 336 11-12
2499 288 2610 356 151

144 447 443 534 praebet,
470 467 625 512 cum
648 445 847 512 etiam
871 444 1018 511 ouis
1041 458 1190 511 octo
1216 444 1555 511 mensibus
1579 444 1777 510 uiridi
1801 466 1880 511 eo
1905 444 2149 531 pabulo
2173 444 2272 511 uti
2296 459 2363 511 et
2388 459 2617 532 postea

145 553 339 619 arido
380 553 607 639 possit.
652 566 983 639 praeterea
1022 551 1093 617 in
1135 551 1431 638 quolibet
1469 573 1625 638 agro
1666 551 1971 637 quamuis
2011 551 2400 618 macerrimo
2441 551 2613 618 cele-

146 661 310 727 riter
348 659 786 746 comprendit;
825 681 1096 725 omnem
1132 658 1438 724 iniuriam
1475 658 1617 724 sine
1654 679 1825 723 noxa
1860 658 2125 744 patitur.
2217 679 2258 724 2
2302 658 2614 725 mulieres

147 766 428 854 quidem
457 766 512 832 si
545 765 729 831 lactis
757 765 979 852 inopia
1008 778 1418 851 premuntur,
1450 764 1782 851 cythisum
1810 764 2070 830 aridum
2097 764 2167 830 in
2196 786 2368 851 aqua
2397 787 2613 832 mace-

144 895 294 939 rare
336 886 594 959 oportet
633 886 719 951 et,
761 893 917 938 cum
955 885 1092 938 tota
1131 885 1323 938 nocte
1361 870 1826 958 permaduerit,
1868 884 2132 957 postero
2173 871 2279 937 die
2318 872 2613 958 expressi

49 1010 108 1046 10
148 979 297 1046 suci
339 993 555 1045 ternas
596 978 893 1044 heminas
935 977 1324 1065 permiscere
1366 977 1629 1044 modico
1670 977 1829 1043 uino
1870 991 2066 1063 atque
2108 977 2197 1043 ita
2238 977 2608 1064 potandum

48 1542 105 1590 ¹5

35 2605 99 2654 2⁵

35 3138 105 3187 30

149 1086 333 1165 dare;
388 1085 482 1152 sic
533 1099 600 1151 et
651 1084 828 1171 ipsae
880 1084 1195 1151 ualebunt
1247 1098 1312 1150 et
1364 1083 1551 1171 pueri
1604 1083 2005 1150 abundantia
2042 1083 2227 1150 lactis
2264 1082 2612 1150 confirma-

147 1193 426 1260 buntur.

239 1299 422 1365 Satio
468 1313 689 1365 autem
733 1297 972 1384 cythisi
1015 1297 1123 1363 uel
1165 1311 1487 1364 autumno
1530 1297 1701 1363 circa
1746 1297 1908 1363 Idus
1953 1296 2265 1364 Octobris
2307 1296 2415 1362 uel
2459 1320 2614 1364 uere

149 1405 298 1472 fieri
343 1419 577 1491 potest.
662 1425 711 1486 3
756 1426 911 1470 cum
954 1418 1196 1470 terram
1239 1404 1409 1469 bene
1452 1403 1809 1490 subegeris,
1857 1403 2103 1469 areolas
2148 1402 2345 1469 facito
2388 1403 2615 1490 ibique

150 1512 343 1578 uelut
392 1511 589 1577 ocimi
643 1532 869 1577 semen
921 1510 1157 1597 cythisi
1210 1524 1530 1577 autumno
1584 1509 1802 1576 serit0.
1859 1509 2113 1595 plantas
2167 1508 2405 1575 deinde
2457 1531 2614 1577 uere

151 1617 512 1705 disponito‚
567 1617 657 1683 ita
708 1630 784 1683 ut
837 1617 1006 1683 inter
1058 1639 1128 1683 se
1182 1638 1686 1703 quoquouersus
1738 1629 2051 1702 quattuor
2102 1615 2352 1702 pedum
2403 1616 2617 1702 spatia

151 1725 421 1790 distent.
447 1723 502 1789 si
523 1746 750 1790 semen
771 1745 908 1789 non
929 1721 1256 1802 habueris,
1281 1722 1623 1789 cacumina
1649 1722 1805 1806 [ina]
1830 1721 2188 1808 cytisorum
2210 1743 2365 1787 uere
2388 1722 2613 1809 dispo-

151 1831 317 1909 nit0‚
348 1843 767 1896 stercoratam
794 1844 1035 1896 terram
1061 1829 1231 1896 circa
1257 1842 1579 1915 aggerato.
1673 1848 1714 1910 4
1757 1827 1812 1894 si
1838 1827 2066 1914 pluuia
2091 1850 2226 1894 non
2253 1828 2609 1908 incesserit,

154 1937 367 2022 rigato
432 1935 812 2022 quindecim
875 1935 1191 2022 proximis
1256 1934 1510 2014 diebus;
1576 1933 1973 2020 simulatque
2019 1956 2263 2000 nouam
2309 1933 2616 2001 frondem

158 2047 430 2129 (agere)
461 2042 770 2128 coeperit,
801 2042 1052 2121 sarrit0,
1085 2055 1151 2108 et
1180 2055 1330 2128 post
1357 2041 1719 2107 triennium
1748 2040 1986 2106 deinde
2016 2039 2270 2106 caedito
2298 2054 2365 2106 et
2393 2040 2616 2126 pecori

149 2148 487 2235 praebeto:
525 2170 700 2235 equo
735 2148 999 2215 abunde
1035 2162 1134 2214 est
1168 2148 1399 2214 uiridis
1434 2147 1660 2234 pondo
1695 2165 1800 2226 XV,
1839 2146 2060 2213 bubus
2095 2146 2321 2233 pondo
2357 2146 2611 2227 uicena,

153 2255 522 2341 ceterisque
551 2254 901 2341 pecoribus
931 2276 1052 2341 pro
1083 2254 1384 2341 portione
1414 2253 1680 2319 uirium.
1715 2266 1932 2340 potest
1962 2267 2184 2319 autem
2213 2253 2412 2319 etiam
2442 2253 2615 2319 circa

148 2384 419 2449 saepem
451 2361 590 2448 agri
621 2362 776 2427 satis
808 2361 1157 2428 commode
1190 2361 1387 2427 ramis
1420 2361 1667 2447 cytisus
1699 2360 1846 2440 seri,
1882 2360 2198 2446 quoniam
2229 2359 2418 2426 facile
2452 2381 2612 2426 con-

152 2469 424 2557 prendit
474 2482 541 2534 et
590 2468 897 2535 iniuriam
947 2468 1246 2534 sustinet.
1300 2467 1550 2534 aridam
1602 2468 1657 2533 si
1709 2467 1915 2546 dabis,
1970 2466 2230 2553 parcius
2280 2465 2612 2552 praebeto,

148 2576 471 2663 quoniam
498 2575 673 2641 uires
700 2575 978 2641 maiores
1006 2574 1224 2654 habet,
1254 2574 1570 2661 priusque
1598 2596 1769 2660 aqua
1795 2587 2120 2640 macerato
2147 2587 2213 2639 et
2240 2587 2615 2660 exemptam

149 2682 358 2770 paleis
415 2682 828 2769 permisceto.
914 2700 962 2763 5
1004 2681 1335 2768 cythisum
1391 2703 1546 2747 cum
1602 2680 1853 2746 aridam
1908 2679 2120 2746 facere
2178 2679 2383 2759 uoles,
2443 2679 2614 2747 circa

149 2811 457 2856 mensem
486 2788 965 2875 Septembrem,
999 2788 1117 2855 ubi
1147 2810 1374 2854 semen
1404 2788 1545 2854 eius
1576 2787 2002 2874 grandescere
2033 2787 2321 2873 incipiet,
2356 2786 2614 2853 caedito

148 2895 515 2983 paucisque
546 2896 744 2975 horis,
780 2895 944 2961 dum
973 2894 1329 2974 flaccescat‚
1362 2895 1433 2960 in
1463 2894 1599 2960 sole
1630 2893 1891 2974 habeto,
1926 2893 2164 2960 deinde
2199 2894 2346 2973 <in>
2379 2893 2617 2960 umbra

148 3002 479 3068 exsiccato
508 3015 575 3068 et
604 3001 693 3068 ita
721 3001 1010 3068 condito.

239 3109 583 3175 Hactenus
617 3107 700 3174 de
733 3108 1079 3175 arboribus
1113 3107 1518 3194 praecepisse
1552 3107 1817 3174 abunde
1850 3120 1950 3173 est
1983 3106 2323 3173 reddituro
2357 3106 2615 3192 pecoris

151 3237 387 3282 curam
417 3229 483 3281 et
512 3215 801 3281 remedia
830 3215 1132 3301 sequenti
1162 3214 1522 3280 uolumine.
1583 3251 1592 3257 -

158 3373 266 3426 uiti
304 3373 358 3424 A
389 3395 430 3409 —
465 3373 500 3424 6
535 3372 656 3425 rido
689 3372 805 3425 S¹A
838 3400 876 3410 -
910 3373 1187 3438 quolibret
1220 3373 1261 3425 S
1293 3398 1332 3409 -
1366 3386 1400 3437 7
1433 3372 1850 3437 comprehendit
1881 3371 1985 3424 AR
2020 3398 2059 3408 -
2094 3372 2126 3424 8
2159 3371 2461 3435 cythissum
2493 3371 2547 3422 A
2579 3398 2618 3408 -

154 3479 368 3527 aquam
405 3459 694 3526 Ahjfrycn
727 3489 766 3499 -
799 3462 1059 3514 macerari
1096 3462 1149 3513 R
1182 3488 1222 3498 -
1262 3478 1325 3514 10
1363 3462 1612 3514 heminas
1649 3459 1855 3526 hibrye
1892 3460 2100 3513 eminas
2136 3460 2262 3526 sap
2300 3460 2507 3512 hiemas
2548 3475 2617 3512 m

155 3552 374 3604 eminas
403 3551 657 3603 heminas
687 3565 727 3605 a
760 3578 800 3588 -
839 3567 897 3603 11
933 3551 1050 3615 ipsa
1078 3549 1391 3615 SAhRfryn
1420 3550 1524 3616 ipsi
1553 3566 1590 3615 ‘e'
1624 3577 1663 3587 -
1697 3550 1837 3602 fueri
1867 3549 1930 3602 8ι
1964 3576 2002 3586 -
2043 3566 2103 3614 13
2135 3549 2359 3613 cythissi
2386 3549 2440 3600 A
2472 3575 2511 3585 -
2551 3566 2616 3613 ¹4

154 3656 308 3693 uene
342 3639 404 3692 8ι
440 3666 480 3676 -
513 3639 676 3692 facilo
709 3641 763 3692 A
797 3666 836 3676 -
870 3640 1059 3703 ibique
1094 3653 1136 3706 γ
1170 3640 1379 3704 ubique
1414 3639 1557 3692 SAR
1590 3666 1629 3675 —
1669 3655 1728 3703 15
1767 3639 1938 3691 uelud
1970 3639 2024 3690 A
2056 3666 2094 3676 -
2128 3638 2351 3702 cythissi
2386 3639 2437 3690 A
2471 3664 2510 3673 —
2552 3639 2614 3690 16

152 3729 433 3795 disposito
463 3729 567 3781 AR
599 3756 637 3765 -
681 3742 744 3793 17
775 3729 866 3781 ina
895 3729 987 3781 SA
1016 3730 1126 3781 ima
1153 3729 1206 3780 R
1236 3728 1354 3781 incl.
1383 3729 1510 3781 Ald.
1548 3755 1588 3764 —
1622 3728 1960 3792 cythisorum
1988 3728 2041 3779 R
2075 3754 2113 3764 -
2147 3727 2411 3791 deponito
2440 3727 2544 3779 AR
2577 3754 2616 3764 -

159 3818 227 3871 18
252 3817 537 3870 incesserit
560 3817 694 3882 x⁸tp
716 3818 1029 3882 ingresserit
1053 3817 1093 3870 S
1116 3818 1400 3883 ingesserit
1423 3816 1616 3884 ,41pr
1639 3817 1950 3882 ingersserit
1972 3816 2048 3868 A⁸
2072 3816 2353 3880 inger-serit
2378 3814 2615 3880 hjmtya

150 3934 194 3944 -
235 3923 299 3971 ¹9
328 3923 476 3959 nous
503 3905 814 3976 Ajmrpyn·
848 3934 886 3944 -
922 3923 991 3960 20
1021 3923 1178 3972 agere
1207 3924 1271 3957 ex
1295 3906 1426 3959 Arb
1460 3907 1585 3969 28,3
1616 3906 1738 3958 add.
1770 3905 1958 3970 edmpr,
1989 3922 2088 3957 om.
2120 3905 2334 3957 SAR-
2370 3920 2431 3957 21
2469 3922 2614 3969 equo

147 4003 175 4048 t
221 4013 395 4061 equae
440 3995 653 4048 SAR-
689 3996 877 4061 pondo
920 3995 1751 4061 Rp.SpedesA-111R—
1787 3994 2283 4048 zauirumS²A-
2319 3993 2615 4058 potess-

149 4085 297 4137 eirca
328 4102 428 4137 om.
461 4085 588 4137 R-
622 4100 690 4149 23
726 4102 948 4150 saepem
978 4084 1018 4137 S
1049 4095 1293 4149 saeptem
1324 4084 1400 4136 A²
1431 4096 1638 4137 saetem
1669 4084 1869 4136 A'R-
1902 4084 2174 4148 cythissus
2204 4083 2258 4134 A
2287 4082 2531 4146 cythisus
2562 4083 2616 4135 R

147 4201 188 4211 -
225 4174 647 4238 comprehendit
678 4174 803 4226 R-
838 4190 908 4238 24
938 4174 1146 4240 partius
1176 4172 1423 4239 Ajrys-
1459 4174 1527 4226 26
1560 4173 1864 4238 cythissum
1892 4174 2018 4225 A-
2052 4173 2120 4226 28
2152 4172 2353 4224 demde
2383 4171 2446 4224 S¹
2480 4198 2519 4207 -
2553 4171 2612 4225 in

149 4279 221 4314 ex
248 4262 379 4315 Arb.
405 4264 529 4326 28,4
563 4262 687 4316 add.
711 4263 789 4315 ed.
795 4274 900 4328 pr..
923 4280 1022 4315 om.
1046 4263 1189 4315 SAR
1223 4290 1261 4300 -
1296 4278 1364 4326 ²9
1388 4274 1442 4314 et
1465 4263 1667 4315 siccato
1689 4262 1780 4315 SA
1813 4288 1852 4298 -
1888 4278 1956 4325 30
1979 4262 2227 4315 redditur
2248 4261 2310 4313 S¹
2333 4260 2613 4313 redditoro

150 4351 229 4404 A²
262 4379 301 4389 -
337 4367 399 4416 3¹
434 4361 684 4416 posuer„-
720 4353 769 4404 L
803 4353 995 4417 (Liber
1014 4351 1131 4416 Ah)
1156 4352 1282 4404 Iuni
1305 4352 1583 4404 Moderati
1606 4351 1966 4415 (columellae
1986 4351 2108 4403 add.
2131 4349 2284 4415 frea)
2305 4350 2384 4402 rei
2404 4350 2613 4413 (rerum

150 4439 229 4504 A)
252 4441 485 4493 rusticae
505 4441 798 4493 surcularis
821 4441 959 4493 liber
980 4442 1102 4504 (om.
1127 4439 1192 4504 h)
1215 4452 1400 4493 sextus
1421 4441 1645 4504 explicit
1666 4440 1977 4505 (explicitus
1997 4441 2051 4492 A
2071 4438 2358 4503 explicitus
2381 4438 2613 4490 feliciter

147 4528 258 4593 syn
296 4529 516 4594 explicit
552 4529 782 4582 feliciter
805 4530 859 4594 r)
884 4528 1060 4582 ΒΑΜ
1083 4529 1389 4582 Surcularis
1416 4530 1555 4582 liber
1579 4539 1763 4581 sextus
1790 4529 2009 4592 explicit
2034 4527 2078 4580 b
2105 4529 2154 4580 L
2182 4528 2306 4579 Iuni
2335 4528 2614 4579 Moderati

150 4618 495 4671 columellae
518 4618 656 4671 liber
678 4630 862 4671 sextus
886 4619 1106 4685 explicit
1130 4634 1199 4671 m
