3109 5559
658 389 732 443 16
1218 403 1272 443 L.
1323 401 1453 442 IVNl
1502 401 1838 442 MODERATI
1886 401 2309 442 COLVMELLAE

652 564 736 626 Et
781 583 952 625 nunc
999 564 1251 626 inferno
1299 565 1544 646 potitur
1589 565 1979 645 Proserpina
2025 583 2263 644 regno:

648 665 792 727 Vos
839 686 1107 747 quoque
1154 668 1280 728 iarn
1328 667 1547 747 posito
1593 665 1770 728 luctu
1821 673 2207 746 maestoque
2252 666 2488 727 timore

652 767 801 828 Huc
848 768 1014 829 facili
1062 787 1292 848 gressu
1338 775 1599 830 teneras
1643 767 1965 829 aduertite
2011 767 2268 848 plantas

649 868 1065 949 Tellurisque
1113 889 1338 938 comas
1383 870 1583 931 sacris
1628 877 1848 949 aptate
1894 869 2207 932 canistris

651 969 821 1030 Hinc
869 970 1084 1032 nullae
1131 970 1400 1032 insidiae
1445 970 1776 1051 nymphiS,
1823 988 1953 1031 non
2002 968 2132 1031 ulla
2177 970 2421 1051 rapina,

650 1069 847 1133 Casta
893 1071 1089 1133 Fides
1135 1071 1325 1133 nobis
1371 1071 1608 1133 colitur
1652 1071 1990 1151 sanctique
2037 1072 2329 1133 Penates,

650 1171 893 1235 Omnia
938 1173 1133 1253 plena
1178 1174 1358 1250 iociS,
1405 1192 1641 1235 securo
1688 1173 1882 1254 plena
1928 1172 2270 1250 cachinno,

649 1273 847 1336 Plena
894 1294 1100 1354 mem,
1148 1274 1467 1356 laetisque
1512 1275 1726 1336 uirent
1769 1275 2072 1337 conuiuia
2118 1274 2337 1355 pratis„

648 1373 840 1437 Nunc
888 1396 1002 1437 uer
1047 1374 1400 1456 egelidum,
1447 1394 1618 1437 nunc
1665 1383 1765 1437 est
1809 1375 2234 1438 mollissimus
2278 1394 2505 1451 annu5‚

649 1475 825 1537 Dum
874 1476 1181 1538 Phoebus
1224 1485 1429 1556 tener,
1475 1497 1551 1539 ac
1595 1485 1821 1539 tenera
1869 1475 2267 1539 decumbere
2316 1479 2377 1539 in
2422 1475 2630 1537 herba

649 1576 898 1639 Suadet
943 1587 1007 1640 et
1051 1586 1286 1658 arguto
1335 1578 1640 1658 fugientis
1685 1579 1980 1658 gramine
2028 1578 2224 1641 fontis

650 1678 790 1739 Nec
838 1679 1085 1759 rigidos
1130 1688 1361 1760 potare
1408 1680 1585 1741 iuuat
1631 1698 1751 1740 nec
1796 1679 1937 1742 sole
1981 1680 2283 1760 tepentis

646 1779 921 1860 Iamque
966 1780 1279 1842 Dionaeis
1326 1780 1662 1842 redimitur
1709 1778 1980 1843 floribus
2025 1780 2302 1858 hortus(

643 1880 778 1942 Iam
830 1901 978 1942 rosa
1026 1881 1304 1942 mitescit
1351 1880 1637 1944 Sarrano
1686 1881 1921 1943 clarior
1966 1891 2166 1944 ostro,

641 1981 781 2043 Nec
826 1991 961 2043 tam
1010 1981 1328 2062 nubifugo
1375 1981 1589 2044 Borea
1635 1982 1918 2044 Latonia
1965 1981 2231 2045 Phoebe

642 2084 986 2163 Purpureo
1034 2084 1242 2145 radiat
1288 2083 1492 2161 uultu,
1540 2103 1660 2145 nec
1708 2082 1914 2147 Sirius
1958 2083 2154 2147 ardor

643 2182 751 2244 Sic
800 2185 994 2246 micat
1038 2192 1149 2245 aut
1196 2183 1421 2246 rutilus
1466 2184 1698 2264 Pyrois
1742 2193 1854 2246 aut
1900 2204 2014 2247 ore
2060 2205 2338 2247 corusco

642 2285 1007 2365 HesperuS,
1056 2284 1201 2346 Eoo
1250 2292 1498 2346 remeat
1542 2304 1692 2346 cum
1743 2285 2003 2348 Lucifer
2048 2294 2214 2360 ortu,

643 2385 785 2447 Nec
831 2394 966 2448 tam
1013 2385 1273 2448 sidereo
1323 2385 1529 2465 fulget
1575 2386 2045 2448 Thaumantias
2089 2406 2265 2466 arcu,

643 2485 863 2567 Quam
912 2487 1130 2548 nitidis
1176 2485 1412 2549 hilares
1459 2488 1812 2549 conlucent
1857 2486 2095 2549 fetibus
2141 2486 2329 2549 horti.

645 2586 869 2666 Quare
915 2607 1040 2668 age
1088 2588 1191 2650 uel
1241 2586 1467 2650 iubare
1513 2596 1752 2650 exorto
1797 2590 1924 2650 iam
1974 2596 2168 2650 nocte
2213 2607 2519 2669 suprema

639 2688 765 2750 Vel
816 2689 973 2751 dum
1022 2687 1329 2751 Phoebus
1374 2709 1585 2769 equos
1630 2691 1692 2750 in
1738 2690 1996 2770 gurgite
2043 2697 2284 2751 mersat
2333 2688 2605 2768 Hibero,

776 2962 873 3023 976
911 2978 1124 3024 gressus
1160 2964 1196 3010 A
1236 2964 1280 3016 (s
1316 2961 1410 3010 dcl.
1449 2978 1592 3010 man.
1631 2962 1738 3016 alt.)
1775 2963 1808 3009 S
1945 2969 2120 3010 tenera
2153 2965 2236 3033 Ap.
2271 2969 2314 3016 (s
2349 2962 2469 3011 add.
2508 2979 2653 3011 man.
2693 2965 2807 3020 alt.)
2833 2968 2869 3011 S

716 3048 965 3095 aduertite
983 3061 1017 3106 p
1039 3048 1252 3095 auertite
1273 3047 1397 3094 SAR
1415 3063 1443 3093 a
1464 3047 1653 3094 uertice
1673 3048 1827 3105 bemq
1897 3061 1993 3107 977
2015 3062 2187 3095 comes
2208 3048 2254 3104 (a
2274 3055 2440 3110 supra
2458 3063 2487 3094 e
2505 3054 2625 3100 scr.)
2649 3057 2866 3117 par-tate

640 3134 741 3191 edq
846 3134 945 3191 978
972 3133 1104 3179 Hinc
1140 3133 1215 3178 SA
1255 3130 1349 3177 Hic
1384 3129 1429 3179 R
1538 3132 1740 3192 nympis
1778 3131 1813 3177 A
1852 3132 1900 3186 (h
1938 3138 2204 3194 suprascr.
2244 3148 2386 3179 man.
2424 3132 2534 3184 alt.)
2571 3134 2607 3179 S
2646 3134 2867 3194 nimphis

640 3218 760 3265 abm
848 3232 947 3264 non
987 3218 1117 3264 nulla
1153 3229 1184 3263 e
1286 3229 1386 3275 979
1422 3230 1616 3276 poenas
1652 3221 1720 3268 (te
1756 3223 1920 3278 supra
1958 3231 2017 3265 as
2053 3231 2152 3266 scr.
2190 3230 2333 3264 man.
2372 3217 2483 3275 alt.)
2506 3218 2543 3263 A
2651 3220 2754 3266 980
2789 3233 2865 3265 se·

641 3317 759 3349 cura
780 3303 851 3347 A·
941 3303 1150 3349 cachino
1185 3302 1293 3356 (alt.
1332 3317 1365 3347 n
1401 3307 1671 3362 suprascr.
1707 3315 1852 3349 man.
1890 3302 1997 3354 ale.)
2034 3303 2068 3348 S
2104 3302 2351 3350 chachino
2387 3302 2473 3349 AR
2604 3304 2703 3349 989
2743 3318 2864 3349 uere

640 3387 857 3446 gelidum
896 3387 969 3433 SA
1009 3400 1097 3434 uer
1134 3395 1212 3433 est
1252 3385 1468 3445 gelidum
1507 3385 1552 3432 R
1689 3386 1922 3445 gellidum
1959 3398 1990 3432 o
2101 3388 2201 3445 283
2237 3385 2382 3433 febus
2418 3386 2505 3434 bm
2620 3395 2864 3434 tenerans

641 3480 817 3518 tenera
843 3472 915 3518 SA
943 3478 1150 3518 tenerus
1175 3477 1351 3518 tenera
1379 3482 1405 3517 s
1545 3470 1848 3516 decumbere
1881 3483 1915 3518 a
1935 3470 2188 3517 decumbit
2211 3470 2333 3517 SAR
2487 3474 2587 3530 984
2615 3471 2806 3519 Saudet
2831 3486 2862 3516 ‹-

843 3608 890 3653 in
928 3612 1109 3665 arguto
1145 3605 1210 3652 cd
1331 3607 1429 3664 985
1467 3562 1629 3664 rigidg
1664 3617 1699 3651 ιι
1815 3612 2020 3665 portare
2058 3605 2130 3651 Ad
2252 3606 2353 3651 986
2389 3605 2609 3667 dyoneis
2647 3608 2864 3654 reddun-

639 3698 719 3738 tur
756 3705 786 3738 e
891 3692 1070 3738 hortus
1106 3690 1192 3738 uel
1223 3696 1366 3736 ortus
1401 3690 1446 3736 R
1482 3689 1657 3736 herbis
1691 3690 1765 3737 SA
1890 3690 1986 3748 987
2026 3704 2212 3737 sarano
2248 3689 2333 3737 hm
2438 3691 2542 3738 988
2580 3690 2686 3738 Nec
2714 3691 2765 3737 53
2786 3692 2858 3738 SA

842 3775 1059 3823 nubifico
1084 3775 1310 3843 bdmpqs
1495 3773 1699 3833 phoobe
1734 3774 1779 3821 R
1814 3775 1945 3834 pobe
1981 3774 2054 3821 SA
2226 3779 2394 3822 totum
2435 3789 2653 3822 uersum
2687 3791 2793 3822 om.
2829 3789 2860 3822 e

841 3862 941 3919 989
979 3858 1226 3920 Purpurio
1262 3871 1293 3906 e
1443 3858 1604 3904 redint
1641 3871 1676 3905 ιι
1830 3858 1965 3905 uulto
2002 3860 2039 3906 A
2206 3871 2306 3917 999
2342 3858 2427 3906 Sic
2465 3860 2690 3919 mitigata
2731 3869 2786 3906 ut
2821 3862 2855 3906 A

841 3950 925 3991 aut
960 3946 995 3991 S
1031 3950 1084 3990 ut
1122 3943 1168 3990 R
1202 3949 1252 3989 et
1288 3954 1324 3989 a
1511 3943 1689 3989 rutilus
1726 3943 1800 4010 ἀμ
1837 3942 2032 3989 rutilius
2065 3943 2139 3989 SA
2176 3941 2335 3988 rutilis
2371 3954 2476 4001 uoq
2515 3944 2711 3991 ratibus
2749 3946 2860 3991 bns

842 4028 998 4088 pirois
1035 4029 1068 4073 S
1106 4028 1318 4088 pyrenis
1355 4038 1390 4072 ιι
1594 4026 1706 4085 ore]
1746 4026 1903 4073 odore
1939 4027 2039 4084 edq
2224 4039 2315 4085 991
2361 4025 2633 4087 Hesperus
2667 4041 2761 4074 ore
2795 4043 2858 4074 eo

639 4114 921 4175 (transpos.
961 4112 1100 4173 sign.
1133 4116 1316 4173 postea
1346 4111 1483 4172 pos.)
1522 4117 1656 4157 meat
1690 4111 1729 4157 A
1867 4111 1997 4157 heoo
2033 4111 2077 4158 R
2214 4110 2372 4158 licifer
2407 4123 2441 4157 ι
2580 4124 2679 4170 999
2719 4112 2856 4172 fuget

641 4197 676 4243 A
716 4197 903 4257 fulgeat
942 4214 980 4266 μ
1125 4209 1224 4254 993
1262 4195 1469 4256 hylares
1506 4211 1544 4263 μ
1580 4194 1824 4241 collucent
1861 4207 1926 4241 ac
1962 4195 2191 4242 colucent
2226 4193 2312 4241 hm
2462 4195 2580 4242 houi
2619 4196 2655 4242 A
2691 4197 2791 4242 orti
2827 4209 2858 4242 e

838 4295 935 4341 29⁴
964 4278 1246 4341 snprefllma
1285 4281 1320 4327 A
1459 4293 1559 4340 995
1585 4279 1895 4342 ἀυΝβὴοεὺυε
1921 4280 1998 4335 (in
2028 4278 2094 4326 <m
2114 4279 2347 4339 phoebus
2366 4293 2502 4327 corr.
2524 4295 2669 4328 man.
2689 4281 2806 4338 ale.)
2824 4282 2857 4327 S

638 4365 752 4411 dum
792 4366 985 4411 hoebus
1025 4365 1081 4416 «P
1118 4370 1239 4412 ante
1276 4367 1304 4411 h
1344 4372 1611 4426 suprascr.
1652 4379 1793 4412 man.
1834 4364 1942 4414 alt.)
1982 4367 2014 4411 A
2053 4379 2161 4411 cum
2205 4363 2440 4422 phoebus
2475 4366 2581 4412 (uel
2613 4365 2775 4418 febus)
2813 4366 2854 4412 B
