3109 5559
787 872 826 913 r
867 850 1246 937 Xenophon
1275 849 1698 916 Atheniensis
1718 872 1796 916 eo
1818 849 2008 929 libro,
2026 848 2222 916 Publi
2239 849 2511 929 Siluine,

701 955 1090 1037 inscribitur,
1158 956 1454 1044 prodidit
1517 956 1811 1023 maritale
1877 957 2263 1043 coniugium
2327 956 2422 1023 sic
2486 978 2518 1022 c

700 1076 945 1144 natura,
989 1078 1065 1130 ut
1105 1086 1241 1130 non
1282 1064 1499 1130 solum
1538 1062 2032 1143 iucundissima,
2076 1085 2312 1129 uerum
2353 1062 2518 1129 etian

703 1169 969 1237 societas
1000 1170 1294 1236 iniretur:
1330 1192 1504 1237 nam
1535 1171 1895 1258 primum,
1930 1169 2114 1257 quod
2144 1169 2343 1236 etiam
2371 1169 2518 1235 Cice

638 1274 1124 1351 shumanum
1197 1278 1582 1364 temporis
1657 1276 2246 1364 longinquitate
2321 1276 2518 1342 occi«

705 1381 843 1449 hoc
888 1405 1176 1450 marem
1220 1406 1396 1449 cum
1440 1383 1734 1450 femina
1778 1405 1947 1449 esse
1992 1383 2518 1462 coniunctum,

701 1486 836 1555 hac
869 1489 1138 1556 eadem
1173 1489 1555 1556 societate
1592 1489 2065 1556 mortalibus
2099 1488 2496 1555 adiutoria

701 1595 955 1662 minus
1011 1596 1609 1683 propugnacula
1664 1609 2255 1683 praeparentur.
2348 1615 2389 1661 2
2431 1609 2514 1661 tu

698 1701 959 1768 uictus
998 1716 1074 1769 et
1113 1701 1378 1768 cultus
1418 1702 1806 1768 humanus
1847 1724 2022 1781 non,
2065 1701 2183 1767 uti
2223 1700 2436 1781 feriS,
2481 1701 2518 1767 iz

610 1834 667 1870 10
706 1808 1215 1875 siluestribus
1265 1808 1463 1875 locis
1511 1809 1648 1875 sed
1699 1808 1910 1875 domi
1958 1807 2102 1874 sub
2151 1821 2364 1874 tecto
2413 1808 2507 1874 ad

700 1914 1231 1981 necessarium
1286 1913 1441 1982 fuit
1496 1915 1969 1982 alterutrum
2019 1913 2217 1980 foris
2257 1928 2333 1981 et
2374 1914 2518 1980 sub

705 2019 968 2087 labore
1010 2035 1083 2087 et
1126 2021 1523 2088 industria
1563 2034 2074 2108 compararet,
2118 2042 2314 2108 quae
2354 2034 2517 2087 tect

700 2138 824 2192 tur
881 2165 969 2175 --
1028 2127 1425 2215 siquidem
1486 2128 1613 2194 uel
1674 2127 2048 2194 rusticari
2106 2127 2232 2193 uel
2293 2126 2518 2212 nauig

702 2254 981 2318 genere
1024 2234 1179 2301 alio
1222 2233 1613 2321 negotiari
1656 2255 1977 2300 necesse
2019 2246 2204 2313 erat,
2249 2247 2333 2299 ut
2375 2232 2518 2318 alic

607 2365 661 2413 15
704 2338 1319 2427 adquireremuS.
1403 2360 1452 2421 3
1505 2361 1680 2406 cum
1760 2362 1947 2406 uero
2027 2353 2343 2426 paratae
2424 2361 2518 2405 re:

699 2461 960 2513 essent
1025 2460 1465 2534 congestae,
1534 2447 1775 2512 alium
1839 2467 2008 2512 esse
2073 2444 2451 2532 oportuit,

700 2553 1140 2620 custodiret
1192 2567 1269 2619 et
1318 2574 1404 2619 ea
1453 2552 1895 2619 conficeret
1944 2574 2201 2639 opera,
2256 2573 2453 2639 quae
2506 2577 2518 2616 ι

700 2658 1261 2726 administrari:
1336 2680 1510 2725 nam
1580 2673 1657 2725 et
1726 2658 1995 2745 fruges
2064 2672 2483 2745 ceteraque

701 2766 982 2832 restria
1035 2765 1500 2852 indigebant
1551 2765 1767 2844 tecti,
1823 2779 1898 2831 et
1948 2766 2217 2831 ouium
2268 2778 2518 2831 cetera

603 2895 665 2933 20
706 2871 883 2937 dum
938 2872 1153 2939 fetus
1204 2886 1440 2959 atque
1493 2871 1805 2938 fructus
1857 2871 2124 2938 clauso
2177 2871 2518 2937 custodi<

703 2978 959 3045 minus
1031 2979 1338 3065 reliqua
1406 2976 1804 3058 utensilia,
1878 2977 2169 3065 quibus
2237 2991 2370 3044 aut
2437 2978 2506 3043 al

699 3106 943 3170 genus
993 3098 1127 3151 aut
1174 3084 1411 3151 etiam
1458 3085 1871 3151 excolitur.

783 3212 825 3275 4
868 3192 1151 3271 Quare,
1205 3212 1381 3258 cum
1431 3204 1507 3257 et
1557 3213 1874 3277 operam
1926 3204 2002 3257 et
2054 3190 2518 3277 diligentian

699 3318 800 3377 ea,
860 3319 1062 3386 quae
1118 3297 1702 3385 proposuimuS,
1763 3319 1905 3364 nec
1961 3297 2240 3384 exigua
2295 3318 2480 3363 cura

599 3427 657 3476 25
701 3418 994 3485 rentur,
1065 3426 1262 3492 quae
1330 3402 1542 3471 domi
1607 3404 1998 3470 custodiri
2064 3416 2491 3490 oporteret,

701 3524 980 3577 natura
1034 3524 1486 3597 comparata
1539 3524 1659 3576 est
1719 3513 2020 3597 [opera]
2078 3509 2437 3575 mulieris
2491 3531 2518 3575 a

718 3616 1238 3704 diligentiam,
1289 3616 1446 3682 uiri
1490 3630 1753 3682 autem
1799 3616 1894 3683 ad
1940 3615 2511 3682 exercitatione

766 3773 871 3839 pt:
898 3791 1045 3841 4-44
1063 3774 1203 3827 Xen.
1231 3791 1335 3827 σεε.
1362 3774 1594 3838 7,]8-28

766 3916 853 3981 psa
891 3935 914 3971 1
943 3918 1334 3970 eoconomicus
1352 3915 1511 3983 Ahjy
1529 3917 1913 3970 aeconomicus
1934 3916 2103 3984 mlpc
2123 3917 2461 3969 iconomicus
2482 3916 2518 3968 h

698 4022 827 4059 nam
858 4007 1113 4072 primum
1145 4006 1306 4059 Schn.
1342 4007 1454 4059 iam
1485 4007 1706 4072 pridem
1736 4006 1880 4059 SAR
1912 4033 1952 4043 -
1988 4022 2017 4071 5
2053 4006 2316 4071 temporis
2350 4023 2449 4058 om.
2484 4005 2518 4058 A

699 4095 963 4149 oceiderit
982 4096 1090 4149 AR
1123 4122 1162 4132 -
1196 4096 1230 4148 8
1252 4113 1384 4148 cum
1403 4094 1594 4162 sAjzp
1616 4112 1789 4160 quom
1809 4094 1918 4160 hfy
1937 4095 2203 4160 quoniam
2223 4110 2259 4160 ς
2292 4121 2331 4131 -
2370 4110 2436 4147 ro
2456 4095 2518 4147 ad

698 4182 752 4234 Α
782 4210 821 4221 -
861 4202 921 4238 ιι
958 4186 1076 4240 duo
1104 4183 1168 4237 8²
1201 4212 1241 4222 —
1281 4201 1348 4249 14
1375 4185 1700 4250 negotiatori
1727 4185 1781 4237 Α
1813 4211 1852 4221 -
1892 4199 1953 4249 15
1985 4185 2382 4249 atquireremus
2411 4184 2503 4236 SA

700 4272 985 4335 quiremus
1017 4272 1063 4326 b
1097 4299 1137 4310 —
1170 4285 1389 4339 paretae
1418 4272 1487 4326 h¹
1518 4284 1705 4339 partae
1735 4272 1986 4339 mih-⁸5¹
2018 4284 2173 4339 parte
2204 4283 2350 4325 ratae
2380 4270 2413 4324 f
2439 4298 2478 4308 -

699 4373 876 4416 cetera
913 4364 969 4416 R
1002 4389 1044 4400 -
1083 4378 1151 4427 19
1179 4373 1326 4416 tecto
1363 4363 1417 4415 R
1448 4388 1490 4399 -
1523 4378 1595 4416 20
1634 4362 1992 4415 custodienda
2029 4363 2083 4415 R
2115 4389 2155 4400 -
2190 4378 2253 4416 21
2283 4372 2499 4414 autom.

700 4448 840 4517 25¹2
872 4452 1211 4506 desideraret
1241 4450 1333 4517 ij
1355 4451 1763 4504 considerarent
1793 4450 2063 4517 Ahb²ny²
2093 4451 2464 4505 desiderarent
2494 4468 2518 4501 t

703 4553 772 4605 24
792 4558 863 4594 ne
884 4539 1163 4606 ΑΒλῖι-γς
1195 4566 1235 4578 -
1268 4541 1675 4605 atquirerentur
1695 4540 1788 4593 SA
1819 4567 1859 4578 -
1893 4540 1963 4594 26
1985 4551 2110 4595 ante
2130 4552 2326 4595 natura
2346 4537 2471 4590 add.
2496 4554 2518 4588 a
