3109 5559
622 442 676 481 )..“
1238 439 1290 481 L.
1342 438 1466 479 IVNI
1513 436 1838 479 MODERATI
1884 435 2294 478 COLVMELLAE

599 600 910 677 praedixi,
973 618 1130 659 suco
1195 598 1436 660 herbae
1491 595 1631 657 sedi
1681 606 2006 657 macerata
2053 606 2219 657 sunt.
2316 595 2471 657 nihil
2520 596 2691 657 enirn
2752 595 2859 656 sic

599 707 935 769 medicatis
984 715 1221 766 nocent
1268 723 1523 765 urucae.
1620 702 1736 764 sed
1785 703 2201 764 Democritus
2248 703 2310 763 in
2360 722 2442 763 eo
2491 702 2674 776 libro,
2731 706 2856 783 qui

595 813 846 875 Graece
904 811 1269 873 inscribitur
1325 812 1465 893 περὶ
1525 809 1917 885 ἀντιπαθῶν,
1980 807 2280 870 adfirmat
2336 808 2457 870 has
2506 811 2681 890 ipsas
2736 811 2857 872 be·
2927 818 2938 826 ’

595 918 819 981 stiolas
887 918 1163 988 enecari,
1230 919 1285 979 si
1351 916 1595 992 mulier,
1660 936 1828 998 quae
1894 918 1956 977 in
2026 916 2373 976 menstruis
2440 926 2558 990 est,
2607 916 2859 979 solutis

595 1024 879 1086 crinibus
926 1034 992 1084 et
1039 1024 1214 1084 nudo
1263 1023 1433 1104 pede
1479 1043 2005 1103 unamquamque
2053 1042 2271 1084 aream
2320 1035 2417 1083 ter
2449 1024 2853 1096 circumeat;
2882 1054 2915 1098 5

597 1142 745 1211 post
794 1131 920 1191 hoc
968 1130 1141 1191 enim
1188 1129 1494 1192 decidere
1542 1150 1773 1191 omnes
1820 1129 2210 1190 uermiculos
2257 1140 2322 1190 et
2371 1130 2459 1190 ita
2507 1131 2735 1191 emori.

3058 1286 3068 1310 .

489 1345 567 1420 65
810 1342 1147 1404 Hactenus
1196 1345 1728 1423 praecipiendum
1772 1343 2139 1404 existimaui
2174 1343 2259 1403 de
2292 1343 2466 1404 cultu
2500 1345 2852 1407 hortorum

596 1461 662 1512 et
708 1448 939 1510 officiis
984 1448 1174 1520 uilici,
1235 1469 1430 1529 quem
1488 1451 1788 1530 quamuis
1835 1451 2216 1512 instructum
2269 1462 2465 1530 atque
2512 1450 2851 1513 eruditum

595 1557 771 1616 omni
831 1575 1029 1635 opere
1095 1557 1332 1617 rustico
1382 1576 1526 1618 esse
1576 1570 1880 1637 oportere
1929 1557 2136 1636 prima
2186 1567 2370 1636 parte
2418 1557 2605 1618 huius
2654 1577 2852 1620 exor-

596 1662 683 1723 dii
732 1662 1112 1734 censuerim,
1160 1664 1468 1743 quoniam
1519 1678 1738 1725 tamen
1789 1662 2168 1743 plerumque
2214 1665 2451 1736 euenit,
2486 1676 2558 1724 ut
2589 1684 2848 1737 eorum,
2884 1693 2945 1724 ιο

596 1789 762 1849 quae
833 1768 1267 1842 didicerimuS‚
1344 1772 1657 1832 memoria
1708 1791 1829 1832 nos
1877 1770 2139 1831 deficiat
2187 1790 2394 1851 eaque
2442 1772 2708 1851 saepius
2762 1793 2851 1834 ex

596 1877 1077 1938 commentariis
1148 1879 1522 1939 renouanda
1589 1879 1737 1953 sint,
1805 1877 2094 1939 omnium
2167 1876 2474 1938 librorum
2544 1898 2847 1941 meorum

597 1996 979 2061 argumenta
1049 1984 1314 2057 subieci,
1387 1996 1457 2045 ut
1521 2005 1670 2045 cum
1739 2004 1839 2046 res
1906 1985 2257 2064 exegisset,
2330 1983 2514 2046 facile
2573 1988 2847 2066 reperiri

597 2091 822 2170 possit,
892 2090 1047 2170 quid
1122 2092 1184 2152 in
1254 2112 1516 2172 quoque
1587 2092 2029 2172 quaerendum
2102 2104 2168 2151 et
2229 2090 2503 2171 qualiter
2551 2092 2850 2173 quidque

600 2197 960 2258 faciendum
1011 2199 1110 2260 sit.
2879 2226 2941 2269 15
3049 2226 3068 2476 ι

600 2464 863 2525 LIBER
909 2464 1240 2527 PRIMVS
1291 2465 1543 2528 HAEC
1594 2467 2090 2530 CONTINET:

597 2620 947 2688 praecepta
994 2629 1161 2688 quae
1209 2622 1561 2690 sequantur
1606 2612 1716 2691 qui
1765 2612 2055 2672 rusticari
2104 2610 2305 2672 uelint

595 2714 868 2795 qualiter
914 2716 1268 2808 dispositus
1317 2716 1552 2778 fundus
1603 2718 1886 2779 maxime
1936 2718 2246 2798 probetur

596 2843 762 2903 quae
810 2824 1158 2903 praecipue
1201 2824 1609 2903 inspiciendo
1642 2845 1821 2905 agr0,
1858 2838 2208 2905 antequam
2242 2837 2510 2900 ematur,
2548 2829 2843 2887 notanda

808 2931 935 2991 sint
2866 2953 2934 2985 20
3041 2939 3068 3091 ⁸

597 3035 680 3096 de
727 3036 1103 3098 salubritate
1152 3039 1488 3117 regionum

597 3144 679 3204 de
727 3164 895 3224 aqua

739 3392 767 3421 2
811 3383 997 3424 nocent
1034 3378 1111 3425 SR
1148 3385 1298 3424 urent
1336 3380 1373 3426 Α
1522 3392 1552 3437 3
1594 3373 2158 3422 ΠΕΡΙΑΝΤῙΠΑΦΟΝ
2185 3381 2218 3425 S
2244 3373 2776 3423 IlePANTIIIa'rmN
2804 3382 2842 3427 A

596 3459 923 3528 ueptotvttvtol
948 3480 984 3522 g
1022 3467 1178 3528 uulgo
1216 3483 1316 3513 om.
1358 3483 1466 3513 nac.
1507 3474 1582 3529 sp.
1623 3469 1705 3514 rel.
1746 3472 1788 3515 Β
2016 3469 2238 3516 affirmat
2276 3472 2317 3516 Β
2516 3469 2610 3515 has
2650 3471 2694 3517 Β
2743 3470 2842 3515 hos

595 3557 642 3605 (a
681 3563 918 3616 superscr.
968 3573 1035 3601 m.
1087 3555 1195 3610 rec.)
1242 3559 1280 3604 A
1321 3555 1371 3608 (0
1412 3558 1464 3603 in
1505 3574 1534 3604 a
1575 3562 1698 3603 mut.
1740 3574 1808 3603 m.
1850 3557 1960 3613 rec.)
2000 3559 2033 3604 S
2250 3575 2280 3617 4
2321 3558 2545 3604 enectari
2584 3559 2624 3605 A

596 3648 629 3690 6
668 3645 974 3691 uermiculas
1014 3647 1089 3693 Aa
1252 3648 1283 3692 8
1323 3646 1476 3692 uillici
1516 3651 1559 3694 Β
1719 3647 2019 3693 instructum
2062 3655 2214 3706 atque
2252 3662 2352 3693 om.
2393 3647 2467 3694 SA
2635 3663 2693 3693 12
2722 3663 2841 3694 meo

597 3735 632 3781 A
787 3749 845 3793 13
888 3734 1133 3794 repperiri
1172 3737 1212 3783 A

773 3829 1197 3884 argumentorum
1238 3831 1548 3885 conspectum
1590 3825 1670 3871 hic
1706 3826 1759 3871 in
1798 3825 1916 3872 libri
1950 3825 2206 3872 undecimi
2226 3825 2339 3884 fine
2361 3826 2587 3887 positum
2613 3826 2846 3873 exhibent

596 3915 984 3972 SAequruwyu
1038 3913 1129 3959 sub
1174 3911 1429 3959 ‘'tabulae'‘
1475 3915 1682 3960 nomine
1718 3920 1832 3960 cmle
1869 3920 2025 3961 totum
2061 3916 2131 3960 ντί
2156 3915 2363 3960 rusticae
2389 3921 2515 3976 opus
2533 3923 2647 3977 pos.
2676 3930 2707 3963 a
2738 3932 2840 3962 om.

596 4005 759 4060 bgpsv
799 4019 900 4048 om.
941 4018 1102 4048 uacuo
1137 4004 1301 4064 spatio
1341 4003 1422 4048 rel.
1464 4017 1514 4050 m
1556 4001 1772 4059 (Tabula
1811 4004 1986 4050 deficit
2023 4005 2075 4049 in
2115 4019 2223 4050 τιατ.
2263 4011 2337 4065 sp.
2375 4003 2490 4061 scr.)
2526 4006 2561 4051 «1

775 4093 927 4139 Liber
974 4093 1166 4152 primus
1213 4093 1340 4138 haec
1390 4092 1621 4139 continet
1668 4092 1804 4139 rubr.
1855 4095 1979 4139 mai.
2019 4095 2117 4150 sA;
2166 4094 2250 4140 sic.
2299 4109 2432 4154 sequ.
2483 4109 2685 4155 quoquc
2730 4096 2840 4141 libr.

596 4182 719 4227 titul.
794 4181 991 4227 Tabula
1039 4181 1151 4229 libri
1190 4181 1337 4241 primi
1378 4182 1517 4228 Lucii
1559 4182 1809 4228 Moderati
1851 4183 2139 4230 Columelle
2178 4183 2250 4230 rei
2292 4184 2480 4230 rustice
2518 4183 2695 4244 incipit
2735 4185 2841 4232 feli-

596 4271 721 4317 citer
760 4279 811 4317 et
848 4272 941 4317 hec
982 4271 1207 4317 continet
1245 4285 1279 4317 a
1469 4272 1529 4317 18
1567 4272 1763 4331 pbetiir
1801 4272 1834 4317 S
1871 4272 2121 4331 probetur
2160 4275 2201 4319 Β
2238 4272 2486 4332 prebetur
2522 4270 2575 4327 (o
2613 4281 2726 4335 sup.
2759 4282 2838 4335 pr.

595 4376 624 4406 e
663 4376 762 4406 scr.
804 4377 872 4407 m.
915 4358 1022 4416 rec.)
1061 4362 1098 4408 A
1252 4376 1312 4419 ¹9
1353 4360 1664 4420 inspitiendo
1706 4373 1740 4419 μ
1887 4376 1953 4407 20
1993 4360 2093 4407 sint
2132 4362 2332 4422 scripsi:
2371 4368 2491 4409 sunt
2528 4363 2651 4410 SAR
