3109 5559
1361 371 1475 416 REI
1509 370 1831 417 RVSTICAE
1861 370 1991 416 LIB.
2026 370 2149 416 VIII
2182 370 2238 416 C.
2275 369 2312 432 5

711 534 922 614 magis
941 533 1203 596 edendis
1226 553 1422 613 quam
1442 533 1831 595 excudendis
1851 532 1991 594 ouis
2011 532 2295 594 utiliores
2313 539 2487 604 sunt,
2509 533 2622 594 inh

712 641 1039 720 cupiditas
1064 640 1413 702 incubandi
1439 639 1706 720 pinnula
1732 659 1846 719 per
1871 658 2056 700 nares
2083 640 2372 701 traiecta.
2403 646 2623 701 uetera

714 748 858 809 auis
890 747 975 808 ad
1006 747 1174 809 hanc
1206 766 1340 808 rem
1372 746 1517 826 eligi
1549 746 1894 825 oportebit,
1929 765 2095 825 quae
2127 745 2257 807 iam
2288 745 2541 825 saepius
2571 746 2623 806 ic'

713 873 1051 933 moresque
1095 872 1316 915 earum
1357 853 1639 914 maxime
1681 852 1988 932 pernosci,
2034 852 2340 932 quoniam
2383 852 2544 914 aliae
2587 872 2623 913 n

659 980 690 1029 5
714 960 983 1031 cudant,
1020 960 1182 1021 aliae
1217 960 1425 1021 editos
1459 959 1667 1039 pullos
1702 958 2099 1020 commodius
2133 959 2428 1020 educent.
2468 965 2537 1019 at
2573 978 2608 1020 e

715 1066 1041 1146 quaedam
1076 1072 1141 1128 et
1178 1085 1295 1127 sua
1329 1072 1395 1127 et
1432 1065 1642 1127 aliena
1675 1084 1802 1126 oua
1837 1065 2282 1126 comminuunt
2319 1072 2517 1145 atque
2554 1084 2623 1126 co

716 1172 898 1253 quod
927 1172 1268 1234 facientem
1297 1171 1591 1252 protinus
1618 1190 2020 1233 summouere
2048 1171 2405 1233 conueniet.

802 1279 969 1340 Pulli
1014 1285 1234 1340 autem
1279 1278 1552 1339 duarum
1600 1284 1715 1339 aut
1762 1278 1958 1339 trium
2004 1278 2222 1339 auium
2267 1277 2505 1349 excusi,
2552 1277 2625 1338 dt

718 1385 923 1447 teneri
955 1391 1128 1457 sunt,
1163 1385 1249 1446 ad
1278 1404 1476 1445 unam
1510 1403 1676 1463 quae
1708 1390 1806 1445 est
1840 1384 2061 1446 melior
2092 1384 2312 1446 nutrix
2346 1384 2622 1446 transfer

632 1515 696 1551 10
717 1492 834 1554 sed
885 1491 1093 1571 primo
1145 1510 1400 1571 quoque
1453 1491 1576 1562 die,
1631 1491 1787 1551 dum
1841 1496 2048 1551 mater
2098 1509 2247 1553 suos
2298 1497 2363 1553 et
2416 1491 2623 1552 alieno

718 1598 1205 1660 similitudinem
1284 1596 1608 1658 dinoscere
1682 1616 1811 1659 non
1891 1603 2124 1676 potest.
2206 1605 2623 1658 uerumtame1

719 1710 981 1783 oportet
1022 1704 1308 1775 modum,
1353 1723 1559 1783 neque
1601 1703 1772 1764 enim
1813 1703 2005 1765 debet
2046 1703 2250 1764 maior
2290 1722 2424 1765 esse
2465 1723 2623 1783 quar

719 1810 1030 1890 capitum.
1081 1816 1319 1890 negant
1367 1810 1537 1871 enim
1585 1810 1708 1872 hoc
1755 1810 2127 1890 ampliorem
2174 1828 2425 1889 gregem
2475 1829 2623 1889 poss

719 1917 971 1979 nutriri.

634 2050 696 2099 15
805 2024 1126 2084 Numerus
1179 2041 1449 2084 ouorum
1503 2041 1669 2102 quae
1724 2022 2127 2084 subiciuntur
2180 2022 2366 2102 inpar
2419 2023 2623 2085 obsen

720 2148 974 2209 semper
1024 2129 1216 2191 idem.
1273 2148 1424 2191 nam
1479 2129 1687 2209 primo
1741 2135 2047 2208 tempore,
2102 2129 2170 2190 id
2222 2135 2320 2190 est
2374 2148 2590 2190 mense

722 2236 1089 2316 quindecim
1139 2254 1256 2297 nec
1290 2254 1603 2315 umquam
1640 2236 1826 2315 plura
1854 2235 2057 2297 subici
2094 2235 2350 2306 debent,
2387 2236 2623 2313 Ma<rt)

720 2361 843 2403 nec
875 2342 975 2403 his
1013 2342 1335 2422 pauciora,
1369 2341 1671 2404 undecim
1703 2342 1926 2422 Aprili,
1961 2348 2104 2403 tota
2135 2342 2362 2403 deinde
2394 2349 2623 2403 aestatt

796 2524 934 2587 8-14
986 2525 1153 2574 Varro
1192 2528 1321 2575 rust.
1348 2538 1400 2586 3,
1424 2540 1474 2589 9,
1496 2538 1594 2587 13:
1635 2525 1797 2590 Geop.
1824 2538 1908 2587 14,
1933 2539 1983 2589 7,
2006 2537 2075 2586 25
2287 2537 2349 2586 15
2384 2525 2550 2575 Varro
2586 2541 2623 2575 rt

721 2614 939 2664 Pallad.
972 2627 1024 2671 ι,
1045 2626 1132 2677 27,
1168 2627 1229 2670 1:
1261 2614 1409 2665 Ptin.
1444 2618 1553 2664 nat.
1590 2627 1677 2672 ro,
1701 2626 1832 2675 151:
1864 2614 2026 2679 Θεοί).
2061 2626 2148 2676 14,
2171 2628 2221 2677 7,
2245 2626 2313 2676 13

802 2805 825 2839 1
861 2791 1091 2840 edendis
1119 2784 1303 2841 82A1R.
1330 2789 1600 2839 eadendis
1628 2783 1763 2840 8¹A¹
1792 2790 2052 2840 ardendis
2081 2789 2134 2840 οι
2348 2790 2623 2839 excudenc'

722 2879 1000 2929 cubandis
1026 2874 1079 2928 R.
1108 2875 1129 2929 l
1158 2878 1503 2929 excubandis
1532 2879 1652 2929 Pol.
1686 2879 2026 2928 excubendis
2053 2875 2106 2927 iz
2301 2893 2329 2928 2
2362 2879 2623 2929 incuban<

724 2968 821 3033 piu
853 2969 1011 3018 nulla
1038 2963 1125 3018 SA
1319 2981 1481 3018 nares
1511 2968 1749 3017 traiecta
1775 2962 1828 3016 R.
1857 2968 2073 3017 nasieta
2101 2962 2210 3017 SA*
2240 2967 2398 3017 nasia
2427 2971 2485 3016 et
2510 2982 2546 3017 a
2566 2961 2623 3016 A³

724 3057 877 3107 ranis
906 3050 979 3104 A²
1169 3070 1200 3118 3
1232 3070 1366 3105 aues
1395 3051 1448 3105 R.
1476 3056 1680 3121 aliquot
1866 3056 1980 3105 iam
2009 3051 2096 3106 SA
2135 3056 2310 3106 etiam
2336 3051 2389 3105 R.
2418 3057 2536 3107 Pol.

944 3161 976 3209 4
1009 3146 1271 3207 maxime]
1309 3145 1470 3194 facile
1500 3151 1551 3215 γ
1682 3145 1932 3209 pernosti
1963 3138 2013 3192 A
2146 3146 2307 3207 aliae]
2333 3145 2426 3194 ille
2448 3154 2482 3202 D
2507 3161 2609 3197 om.

726 3234 867 3284 dant
897 3228 1079 3284 SAQF
1126 3234 1413 3283 excudunt
1444 3228 1512 3290 bn
1542 3234 1825 3283 excubant
1854 3228 1907 3282 R.
1936 3234 2214 3283 excubent
2250 3230 2274 3283 t
2301 3234 2583 3283 excubant
2616 3251 2623 3279 ι

943 3336 974 3385 5
1007 3323 1125 3372 edit
1156 3338 1277 3373 cum
1309 3322 1409 3374 lac.
1442 3319 1495 3371 iz
1709 3322 1953 3372 educant
1985 3317 2173 3380 αἰνῶ
2353 3323 2427 3373 ad
2455 3317 2508 3372 A

725 3406 837 3462 8¹8
865 3417 924 3461 et
955 3425 1053 3460 sue
1082 3405 1141 3461 8¹
1170 3415 1258 3460 est
1290 3415 1355 3459 ut
1385 3404 1438 3459 A
1615 3425 1727 3461 oua
1757 3426 1859 3461 om.
1891 3411 2038 3459 wnxl
2219 3425 2250 3474 7
2282 3411 2435 3476 quod
2465 3425 2592 3461 eam

939 3500 1280 3550 conuenient
1310 3494 1346 3550 8
1374 3500 1718 3549 conueniunt
1749 3493 1832 3549 Ao
1860 3500 2128 3549 conuenit
2158 3495 2309 3571 ‹3qu

801 3589 832 3637 8
864 3589 1082 3638 excussi
1128 3584 1181 3638 R.
1229 3589 1347 3638 Pol.
1380 3602 1451 3637 ex
1498 3588 1705 3638 etcussi
1753 3583 1789 3637 d
1817 3601 1957 3637 excu
1995 3591 2133 3651 (cum
2166 3589 2263 3639 lac.
2295 3586 2366 3652 iz)
2403 3574 2467 3659 ψ
2499 3591 2623 3638 excl

728 3691 764 3737 9
794 3691 968 3727 unam
997 3679 1161 3742 quae]
1197 3690 1653 3742 unamquamque
1683 3676 1875 3742 qu(a)e
1903 3671 2056 3748 οᾶιιγ
2269 3678 2342 3727 sit
2376 3678 2569 3728 melior
2597 3673 2623 3726 1

727 3760 878 3837 οὐαγ
1063 3779 1126 3814 10
1156 3780 1287 3816 suos
1315 3770 1374 3814 et
1404 3765 1618 3815 alienos
1647 3770 1876 3829 propter
1903 3781 2004 3816 om.
2028 3761 2181 3836 uqa
2367 3780 2424 3814 11
2461 3767 2623 3816 dissir

728 3862 792 3904 οι
978 3854 1299 3919 dignoscere
1328 3849 1382 3904 ol
1410 3870 1512 3905 om.
1544 3850 1585 3903 k
1799 3855 2009 3904 seruari
2040 3850 2160 3905 sa·
2188 3869 2408 3905 seruare
2436 3851 2489 3905 R.

729 3956 847 3992 esse
875 3943 1046 3993 debet
1074 3939 1217 4014 ίγω
1248 3944 1426 3993 major
1455 3943 1625 3993 debet
1655 3957 1773 3992 esse
1802 3939 1941 3992 Μ
1970 3943 2138 3993 debet
2168 3959 2286 3994 esse
2316 3943 2369 3994 οι
2401 3944 2579 3993 maior
2607 3957 2623 3993 ε

730 4045 902 4096 quam
930 4031 1169 4096 triginta
1195 4027 1248 4081 R.
1276 4032 1626 4096 quatriginta
1654 4026 1741 4081 SA
1960 4044 2022 4094 13
2055 4033 2244 4098 capita
2273 4028 2425 4104 οᾶαγ

808 4134 868 4183 15
901 4134 1140 4170 ouarum
1169 4114 1241 4168 A²
1457 4134 1631 4185 quam
1658 4116 1711 4168 A
1888 4121 2229 4171 obiiciuntur
2257 4116 2279 4169 l
2455 4121 2617 4186 inpar

732 4224 832 4260 om.
866 4204 953 4259 SA
1166 4212 1532 4260 conseruatur
1579 4204 1810 4278 odqqnx²
2029 4224 2092 4273 17
2124 4211 2442 4275 quindecim
2489 4206 2542 4260 R.
2588 4226 2624 4275 q

728 4299 1039 4362 quadecem
1069 4292 1119 4346 A
1148 4299 1513 4363 quamdecem
1541 4293 1639 4347 811¹
1817 4299 2023 4348 Martio
2054 4300 2131 4349 ed.
2167 4299 2320 4349 Am.-
2351 4300 2501 4349 Maio
2532 4301 2623 4350 cod
