3109 5559
779 226 892 271 REI
926 225 1247 272 Rvsr1cAE
1280 226 1409 270 Lm.
1443 225 1519 271 1x
1550 226 1607 271 c.
1643 223 1680 286 5
1714 225 1799 270 m·
1828 210 1867 271 6
2360 210 2438 285 83

190 394 562 468 suppetent,
597 388 767 467 ligno
801 407 998 449 cauae
1031 387 1275 449 arboris
1307 394 1420 449 aut
1454 387 1522 449 in
1555 388 1813 449 tabulas
1845 388 2136 449 desectae
2171 387 2440 450 fabrica-

190 496 456 556 buntur.
497 494 841 556 deterrima
877 501 974 556 est
1012 494 1296 556 conditio
1334 493 1651 566 fictilium,
1693 514 1857 574 quae
1896 501 1960 556 et
2000 495 2440 557 accenduntur
2459 503 2496 547 2

186 601 455 663 aestatis
496 600 845 680 uaporibus
886 608 951 663 et
993 601 1288 681 gelantur
1328 601 1555 662 hiemis
1596 600 1954 680 frigoribus.
2001 602 2245 681 reliqua
2286 609 2439 664 sunt

186 709 482 768 aluorum
515 727 746 786 genera
780 708 930 779 du0,
967 713 1042 769 ut
1075 728 1155 768 ex
1191 707 1346 768 fimo
1382 707 1712 786 fingantur
1745 707 1850 768 uel
1882 708 2190 770 lateribus
2223 714 2440 769 extru-

121 832 156 881 5
185 821 400 876 antur.
431 833 705 893 quorum
731 815 1006 876 alterum
1033 813 1167 874 iure
1195 814 1530 875 damnauit
1559 814 1795 886 Celsus,
1825 814 2132 894 quoniam
2158 815 2438 876 maxime

184 927 284 982 est
310 920 565 1000 ignibus
588 920 960 992 obnoxium,
987 921 1263 982 alterum
1287 919 1608 1000 probauit,
1636 920 1935 1000 quamuis
1959 920 2438 983 incommodum

184 1027 321 1088 eius
381 1026 795 1106 praecipuum
855 1047 984 1088 non
1045 1026 1564 1097 dissimulauerit,
1628 1027 1804 1106 quod
1862 1026 1916 1088 si
1975 1047 2073 1088 res
2133 1028 2437 1107 postulet,

184 1133 519 1194 transferri
552 1152 681 1194 non
716 1133 938 1213 possit.
974 1134 1195 1213 itaque
1229 1152 1359 1194 non
1394 1133 1721 1195 adsentior
1753 1133 1830 1205 ei,
1867 1133 1979 1213 qui
2013 1140 2204 1213 putat
2241 1134 2495 1202 nihilo3

182 1239 399 1301 minus
437 1239 574 1301 eius
610 1239 855 1319 generis
893 1240 1223 1301 habendas
1261 1259 1394 1301 esse
1431 1240 1631 1301 aluos,
1673 1259 1880 1320 neque
1918 1239 2089 1301 enim
2127 1241 2333 1302 solum
2372 1240 2440 1302 id

89 1364 162 1400 10
185 1352 502 1425 repugnat
539 1346 898 1407 rationibus
934 1345 1178 1407 domini
1213 1345 1388 1425 quod
1421 1346 1758 1408 inmobiles
1792 1346 1942 1419 sint,
1979 1366 2128 1408 cum
2164 1347 2439 1409 uendere

183 1459 300 1514 aut
328 1452 488 1514 alios
515 1472 698 1531 agros
722 1453 1034 1514 instruere
1058 1453 1216 1515 uelit
1247 1453 1390 1531 (hoc
1414 1452 1587 1514 enim
1612 1453 2023 1514 commodum
2048 1453 2328 1532 pertinet
2353 1453 2440 1514 ad

184 1559 537 1620 utilitatem
561 1559 755 1620 solius
779 1559 1308 1638 patrisfamiliae),
1330 1558 1443 1620 sed
1473 1559 1673 1639 (quod
1695 1559 1979 1639 ipsarum
2002 1560 2222 1639 apium
2246 1579 2441 1622 causa

185 1665 330 1726 fieri
369 1665 608 1745 debet),
648 1684 795 1727 cum
833 1673 947 1727 aut
986 1666 1211 1727 morbo
1248 1672 1362 1727 aut
1401 1665 1739 1727 sterilitate
1776 1673 1841 1727 et
1866 1666 2132 1746 penuria
2155 1666 2440 1727 locorum

185 1778 459 1833 uexatas
496 1772 833 1833 conueniet
872 1772 938 1833 in
978 1771 1172 1833 aliam
1210 1771 1531 1850 regionem
1571 1772 1765 1844 mitti,
1807 1792 1922 1833 nec
1960 1779 2222 1852 propter
2259 1792 2440 1852 prae-

88 1899 111 1933 ι
124 1897 159 1946 5
184 1878 429 1939 dictam
455 1897 717 1940 causam
745 1878 989 1940 moueri
1015 1878 1319 1958 poterint.
1348 1879 1468 1939 hoc
1495 1878 1774 1939 maxime
1802 1879 2144 1940 uitandum
2171 1886 2288 1941 est.
2319 1878 2440 1941 ita·
2457 1890 2499 1952 4

184 2003 311 2063 que
339 1984 638 2063 quamuis
664 1984 1016 2046 doctissimi
1043 1985 1163 2046 uiri
1191 1985 1646 2046 auctoritatem
1673 1986 2027 2057 reuerebar,
2056 1992 2275 2047 tamen
2305 2006 2439 2047 am·
3059 1972 3099 2042 ‘l

183 2090 430 2151 bitione
481 2098 807 2153 summota
858 2091 1015 2171 quid
1065 2090 1199 2170 ipse
1250 2110 1570 2152 censerem
1621 2111 1750 2152 non
1801 2091 2006 2154 omisi.
2059 2111 2212 2153 nam
2264 2093 2440 2172 quod
3063 2158 3066 2171 J
3092 2117 3102 2155 ι

182 2196 466 2258 maxime
514 2204 733 2259 mouet
782 2197 1054 2268 Celsum,
1105 2217 1183 2258 ne
1230 2197 1359 2258 sint
1408 2198 1666 2259 stabula
1713 2199 1815 2259 uel
1862 2198 1993 2278 igni
2040 2199 2143 2259 uel
2192 2198 2443 2261 furibus

184 2303 487 2376 obnoxia,
509 2311 724 2384 potest
744 2303 937 2365 uitari
955 2302 1238 2365 latericio
1256 2304 1761 2366 circumstructis
1778 2305 1961 2377 aluiS,
1980 2311 2053 2367 ut
2071 2304 2443 2385 inpediatur

85 2431 160 2466 20
184 2410 412 2489 rapina
441 2410 780 2489 praedonis
806 2416 871 2471 et
900 2417 1125 2472 contra
1152 2410 1563 2472 flammarum
1589 2411 1969 2473 uiolentiam
1996 2418 2439 2491 protegantur,

181 2515 591 2596 easdemque,
613 2535 760 2578 cum
791 2515 1025 2578 fuerint
1047 2516 1425 2589 mouendae,
1444 2517 1739 2579 resolutis
1759 2524 2119 2580 structurae
2140 2518 2440 2598 conpagi-

262 2658 284 2693 1
319 2645 452 2708 igno
481 2640 553 2693 A¹
585 2646 776 2710 lingua
807 2652 856 2695 α
1023 2660 1161 2696 caue
1190 2640 1276 2697 SA
1311 2646 1524 2709 (Varro)
1559 2650 1797 2697 cauatae
1826 2642 1878 2696 R
1907 2661 2108 2696 cauare
2137 2646 2268 2715 91181

180 2736 287 2783 aut
319 2748 421 2783 om.
454 2729 541 2784 BA
740 2735 968 2785 tabulas
996 2729 1081 2784 SR
1109 2735 1311 2786 {aniles
1340 2730 1392 2783 A
1598 2736 1866 2799 deseptae
1896 2734 2075 2804 κῐιιρ*
2279 2749 2308 2785 2
2341 2737 2438 2787 de-

181 2822 414 2872 terrime
443 2817 551 2871 SA²
729 2824 983 2875 condicio
1013 2818 1064 2871 A
1093 2829 1140 2872 et
1168 2819 1220 2873 R
1249 2824 1453 2889 aliquot
1482 2824 1766 2873 condictio
1794 2833 1831 2873 ι
2008 2837 2039 2886 3
2065 2826 2333 2888 aporibus
2361 2820 2437 2873 A¹

398 2912 718 2976 frigoribus]
769 2913 1120 2976 temporibus
1167 2913 1298 2981 qnx¹
1586 2927 1619 2975 4
1648 2914 1906 2963 alborum
1953 2908 2011 2963 8²
2056 2913 2346 2963 alueorum
2387 2909 2443 2963 R.

401 3004 464 3049 ut
494 2994 580 3051 SA
610 3001 700 3050 uel
730 2996 782 3050 R
958 3000 1253 3065 finguntur
1282 2996 1417 3051 SAw
1445 3017 1548 3052 om.
1581 2996 1603 3049 l
1816 3006 2181 3052 exstruantur
2210 2997 2261 3050 A

182 3104 216 3151 5
249 3094 371 3138 ante
400 3089 591 3139 Celsus
621 3089 749 3139 add.
789 3105 860 3140 ex
891 3084 962 3137 A²
1154 3105 1183 3154 7
1214 3104 1329 3139 non
1360 3106 1462 3142 om.
1495 3085 1597 3138 wi!
1777 3090 1809 3139 8
1839 3092 2129 3141 absentior
2159 3099 2263 3149 (oy

178 3179 256 3239 ei]
291 3182 350 3228 et
381 3172 432 3225 A
645 3183 853 3243 putant
892 3173 977 3227 SA
1190 3193 1225 3238 9
1254 3180 1544 3229 habendos
1574 3173 1659 3227 SA
1872 3179 2034 3230 albos
2078 3174 2139 3229 8²
2170 3182 2361 3231 alueos
2388 3176 2444 3230 R.

180 3266 422 3332 plerique
619 3269 772 3317 enim
818 3269 875 3317 id
925 3269 1108 3318 solum
1157 3262 1279 3317 ‹an
1497 3281 1563 3315 10
1592 3269 1741 3330 cum]
1793 3272 1919 3318 tum
1965 3263 2052 3319 BA
2080 3274 2128 3317 et
2155 3264 2207 3318 R
2238 3268 2442 3335 aliquot

178 3370 314 3405 eum
345 3363 409 3405 81·
628 3370 687 3405 11
722 3357 1020 3407 instituere
1048 3351 1352 3413 devm-*y
1381 3356 1498 3407 Pol.
1681 3358 2040 3406 commodum
2070 3352 2155 3407 SR
2186 3360 2440 3408 modium

177 3439 233 3492 A
447 3445 696 3508 pertinet
739 3462 841 3495 om.
874 3439 925 3492 A
1144 3459 1205 3495 12
1237 3446 1640 3509 patrifamiliae
1683 3440 1768 3494 SA
1982 3447 2130 3511 quod
2166 3462 2267 3498 om.
2300 3442 2441 3504 edan

177 3532 351 3602 ῳιῑν
563 3549 733 3584 causa
761 3530 813 3584 R
842 3534 1056 3584 coriosa
1085 3528 1171 3585 SA
1390 3548 1451 3597 13
1483 3535 1795 3585 sterelitate
1825 3529 1876 3582 A
2054 3539 2111 3584 et
2143 3530 2228 3584 SA
2257 3541 2358 3586 aut
2387 3531 2443 3585 R.

404 3636 468 3685 14
498 3624 803 3673 conueniat
837 3629 938 3692 κγ
1112 3628 1344 3688 propter
1375 3639 1478 3674 om.
1512 3618 1565 3671 A
1770 3637 1833 3686 15
1865 3624 2076 3687 poterit
2107 3632 2143 3681 p
2173 3628 2440 3688 poterant

177 3706 283 3761 AB
504 3711 566 3760 18
600 3712 779 3761 mouit
826 3707 919 3762 ΒΜ
948 3712 1110 3761 nouit
1138 3707 1197 3762 8¹
1227 3717 1401 3762 nouet
1432 3706 1505 3759 A¹
1722 3713 1858 3774 sint]
1894 3713 2015 3762 sine
2045 3720 2178 3783 κγν
2209 3715 2347 3763 sinit
2378 3722 2442 3763 01

396 3800 595 3850 tabula
630 3807 731 3870 κγ
942 3815 1006 3860 19
1037 3806 1159 3851 ante
1188 3801 1441 3850 latericio
1471 3802 1594 3850 add.
1628 3815 1796 3864 opere
1822 3797 1874 3851 R
1905 3800 2023 3851 Pol.
2203 3804 2439 3853 circum-

178 3890 416 3940 structis
461 3884 923 3959 saazpisoewae
976 3890 1387 3940 circumcinctis
1437 3884 1701 3946 iffi’mv
1732 3891 2152 3941 circumcinctis
2185 3892 2441 3954 (circum-

176 3979 351 4030 cintis
380 3973 455 4040 di)
491 3979 578 4027 uel
623 3980 1069 4029 circumstructis
1099 3985 1198 4047 κγ
1412 3991 1481 4027 20
1511 3979 1780 4029 uiolentia
1809 3973 1860 4026 A
2073 3984 2441 4043 protegantur

178 4067 260 4117 ed.
298 4065 455 4116 md..-
485 4072 856 4131 proteguntur
887 4068 1032 4117 codd.
1202 4081 1263 4115 21
1299 4081 1504 4131 easque
1534 4062 1559 4115 t
1588 4069 1814 4117 easdem
1843 4065 2013 4137 flqnx¹
2036 4063 2443 4133 eiusdemquel

396 4157 769 4206 remouendae
797 4156 981 4224 qnx¹oe
1195 4156 1454 4205 resolitus
1484 4150 1557 4203 A²
