3109 5559
972 260 1077 302 REI
1126 259 1445 303 Rvs‘mcm:
1492 259 1615 300 LIB.
1662 258 1705 299 x
2303 243 2322 258 ‘
2369 257 2443 315 13

225 423 432 503 Inque
478 424 655 486 sinus
701 426 925 487 matris
972 423 1263 486 uiolento
1312 421 1565 503 depluit
1609 420 1834 482 imbre.

220 524 363 587 Nec
412 527 717 605 genetrix
765 526 895 589 nati
943 544 1113 587 nunc
1162 531 1547 605 aspernatur
1591 541 1911 599 amorem,

225 624 311 686 Et
357 626 601 705 patitur
647 646 857 689 nexus
903 625 1235 688 flammata
1282 623 1588 706 cupidine
1633 621 1876 684 Tellus,
1935 699 1942 714 ι

220 725 393 787 Hinc
443 727 665 806 maria,
712 726 862 790 hinc
911 735 1190 804 monteS,
1238 725 1387 787 hinc
1432 733 1611 787 totus
1660 724 1946 804 denique
1992 723 2275 785 mundus

222 825 363 888 Ver
407 828 565 908 agit,
611 827 762 891 hinc
808 828 1151 891 hominum
1198 826 1529 907 pecudum
1577 824 2054 906 uolucrumque
2099 825 2364 906 cupid0,
2483 856 2581 894 210

218 927 447 1009 Atque
492 949 687 992 amor
733 930 1011 1011 ignescit
1057 929 1257 990 menti
1305 928 1644 1008 saeuitque
1690 925 2017 1005 medulli5‚

224 1029 404 1091 Dum
451 1031 682 1094 satiata
727 1030 957 1093 Venus
1004 1029 1322 1092 fecundos
1368 1028 1702 1109 compleat
1745 1035 1924 1090 artus

218 1131 306 1192 Et
356 1140 631 1212 generet
678 1133 888 1194 uarias
932 1131 1203 1194 soboles
1248 1149 1645 1211 semperque
1692 1129 2062 1210 frequentet

218 1232 411 1293 Prole
459 1251 635 1295 noua
681 1233 1025 1312 mundum,
1073 1252 1283 1294 uacuo
1332 1250 1413 1293 ne
1458 1239 1722 1312 torpeat
1765 1251 1953 1296 aeuo,

307 1332 442 1396 Sed
492 1334 650 1414 quid
698 1354 826 1415 ego
873 1334 1125 1396 infreno
1174 1333 1448 1396 uolitare
1495 1352 1613 1413 per
1657 1331 1925 1394 aethera
1971 1353 2161 1394 cursu
2483 1362 2574 1414 215

218 1433 455 1496 Passus
501 1456 711 1516 equos
755 1435 975 1498 audax
1020 1434 1281 1497 sublimi
1327 1435 1588 1496 tramite
1636 1433 1894 1515 raptor?

218 1535 351 1597 Ista
399 1528 591 1614 canit,
637 1537 886 1598 maiore
933 1536 1063 1598 deo
1111 1555 1308 1616 quem
1357 1534 1683 1616 Delphica
1731 1534 1948 1596 laurus

223 1637 474 1718 Inpulit
517 1637 601 1699 ad
650 1658 865 1700 rerum
913 1657 1144 1700 causas
1190 1645 1256 1699 et
1301 1657 1485 1699 sacra
1531 1645 1913 1699 mouentem

222 1736 431 1819 Orgia
478 1747 747 1801 naturae
792 1748 1178 1820 secretaque
1226 1738 1495 1800 foedera
1540 1738 1702 1800 caeli

222 1839 590 1902 Extimulat
638 1848 855 1903 uatem
904 1860 1024 1921 per
1069 1839 1408 1920 Dindyma
1453 1847 1631 1901 casta
1678 1837 1966 1919 Cybeles
2485 1864 2584 1902 220

220 1941 477 2021 Perque
526 1940 1016 2020 Cithaeronem,
1063 1941 1310 2022 Nyseia
1357 1960 1476 2021 per
1518 1942 1671 2020 iuga
1718 1939 1979 2018 Bacchi,

230 2043 356 2104 Per
400 2062 519 2104 sua
564 2043 846 2120 Parnasi,
893 2063 1011 2124 per
1056 2044 1265 2104 amica
1311 2041 1565 2103 silentia
1611 2041 1816 2102 Musis

227 2144 417 2206 Pierii
464 2145 773 2223 nemoris,
819 2144 1120 2206 Bacchea
1166 2164 1333 2206 uoce
1380 2143 1768 2205 frementem

224 2245 421 2307 Delie
467 2253 533 2308 te
579 2245 813 2323 Paean,
859 2254 926 2308 et
968 2255 1035 2308 te
1080 2245 1290 2307 Euhie
1335 2244 1547 2306 Euhie
1591 2244 1822 2307 Paean.

222 2346 335 2408 Me
381 2366 529 2409 mea
576 2345 879 2427 Calliope
926 2366 1080 2409 cura
1126 2346 1375 2408 leuiore
1422 2353 1772 2425 uagantem
2486 2366 2577 2418 225

222 2447 362 2510 Iam
411 2455 682 2510 reuocat
729 2468 1071 2529 paruoque
1117 2446 1298 2510 iubet
1344 2446 1692 2508 decurrere
1738 2466 1908 2526 gyro

224 2549 310 2610 Et
356 2567 581 2611 secum
630 2549 855 2628 gracili
906 2556 1255 2611 conectere
1301 2548 1588 2610 carmina
1633 2546 1769 2626 filo,

224 2648 419 2730 Quae
465 2657 657 2712 canat
704 2650 873 2712 inter
918 2669 1087 2731 opus
1134 2649 1324 2711 Musa
1371 2647 1756 2710 modulante
1801 2655 2067 2727 putator

431 2874 530 2919 206
567 2870 749 2918 Dessuit
786 2870 969 2929 bemqs
1005 2871 1171 2928 (man.
1210 2871 1299 2918 alt.
1339 2870 1414 2928 in)
1450 2870 1483 2916 d
1677 2871 1836 2931 impre
1873 2877 1923 2931 (p
1947 2886 2093 2922 cras,
2133 2876 2178 2917 et
2213 2870 2244 2917 b
2273 2876 2455 2933 postea

222 2959 346 3009 scr.)
384 2956 417 3003 S
589 2968 684 3013 207
723 2955 945 3014 genitrix
980 2967 1082 3013 aeq
1184 2953 1431 3013 amorem]
1472 2953 1683 3001 humore
1717 2955 1756 3001 A
1926 2957 2025 3002 208
2062 2954 2125 3001 Et
2160 2954 2234 3003 SA
2273 2953 2374 3002 Sed
2412 2955 2457 3002 Β

400 3039 599 3086 ssamata
636 3038 669 3085 (Ι
787 3053 879 3086 2η
925 3040 1070 3099 ignes
1107 3039 1323 3086 cumenti
1362 3038 1398 3084 A
1512 3053 1609 3087 212
1647 3039 1837 3086 saciata
1876 3038 1996 3086 Sbm
2102 3039 2345 3086 secundus
2381 3039 2454 3085 SA

225 3123 444 3188 secundo
480 3122 513 3168 d
618 3129 788 3169 arctus
825 3123 901 3169 SA
1004 3137 1103 3182 213
1139 3131 1353 3183 generat
1389 3123 1428 3169 A
1532 3123 1737 3170 suboles
1775 3127 1822 3177 (u
1860 3122 1914 3169 in
1952 3138 1982 3169 o
2021 3127 2150 3171 mut.
2172 3138 2315 3170 man.
2338 3126 2388 3178 2)
2422 3123 2456 3169 S

226 3208 326 3254 sub
364 3207 474 3253 oles
511 3207 550 3253 A
688 3221 785 3266 214
824 3222 981 3254 uacua
1020 3208 1056 3254 A
1160 3222 1255 3254 aeo
1292 3212 1338 3261 (u
1378 3215 1644 3269 suprascr.
1684 3223 1752 3254 m.
1792 3207 1899 3258 alt.)
1937 3208 1970 3254 S
2007 3222 2069 3254 eo
2107 3210 2155 3260 (v
2192 3213 2455 3269 suprascr.

226 3308 302 3342 m.
342 3291 457 3343 alt.)
496 3292 532 3338 A
671 3304 770 3350 2ι5
807 3297 976 3339 cetera
1014 3292 1203 3355 (ethera
1240 3292 1581 3354 suprascr.)d
1704 3305 1803 3351 217
1841 3291 1940 3338 iste
1961 3296 2005 3346 (a
2025 3298 2290 3353 suprascr.
2312 3305 2456 3338 man.

224 3376 341 3433 alt.)
379 3376 413 3423 S
534 3377 633 3423 218
670 3374 863 3435 Impulit
901 3375 947 3422 Β
1067 3370 1156 3439 ad]
1193 3382 1245 3423 et
1280 3376 1325 3423 Β
1426 3390 1609 3424 causas
1643 3383 1697 3422 et
1732 3378 1777 3425 Β
1800 3391 1952 3424 causa
1980 3383 2059 3422 est
2079 3376 2154 3422 SA
2258 3382 2454 3423 secreta

227 3465 354 3513 (om.
392 3462 508 3519 que)
545 3471 611 3517 eq
748 3474 848 3507 220
885 3458 1157 3506 Extimulet
1193 3461 1237 3507 Β
1374 3460 1593 3507 dindima
1629 3459 1784 3508 Snbm
1821 3460 2059 3521 dyndima
2096 3472 2127 3506 e
2219 3467 2358 3506 casta
2384 3460 2456 3507 SA

229 3560 326 3592 221
372 3543 683 3590 citheronem
721 3545 754 3592 S
791 3544 1075 3591 ciceronem
1114 3549 1150 3597 (t
1190 3552 1353 3607 supra
1392 3544 1482 3591 alt.
1520 3560 1547 3592 c
1584 3559 1683 3592 scr.
1723 3559 1866 3592 man.
1905 3545 2012 3597 alt.)
2043 3544 2082 3590 A
2118 3544 2458 3591 citeronernR

226 3635 529 3689 cyteronern
548 3640 580 3674 c
678 3629 891 3689 nyseiaq
903 3643 916 3686 ς
939 3640 973 3674 ι
994 3629 1303 3689 nysaeiaque
1325 3646 1363 3697 μ
1382 3629 1597 3690 nisciaq5
1621 3628 1706 3676 hm
1725 3629 1932 3689 nyseiq;
1951 3629 2016 3677 cd
2133 3643 2231 3674 222
2253 3630 2457 3689 parnasi

225 3726 265 3760 a
301 3712 531 3773 parnasii
568 3713 753 3779 SAdpq
791 3713 1013 3773 pernasii
1048 3712 1195 3760 bema
1407 3728 1500 3773 per
1535 3713 1694 3760 amica
1731 3714 1764 3759 S
1801 3713 1949 3777 pnica
1988 3712 2023 3758 A
2062 3726 2154 3772 per
2189 3712 2376 3759 omissa
2414 3713 2458 3760 Β

227 3811 332 3856 223
370 3795 519 3843 Pierii
558 3795 877 3844 inemoris.A
1083 3797 1321 3845 baccheia
1358 3798 1431 3845 SA
1630 3812 1725 3857 224
1765 3804 1816 3843 te
1853 3812 1982 3857 paen
2024 3797 2089 3849 (in
2127 3810 2287 3855 paean
2327 3801 2456 3844 mut.

227 3894 381 3928 man.
411 3880 514 3941 pr.)
552 3881 586 3927 S
732 3887 782 3927 et
819 3880 971 3941 ehyie
1008 3883 1072 3934 (ie
1108 3881 1161 3928 in
1201 3885 1327 3934 ras.)
1364 3881 1512 3945 ehyie
1549 3896 1679 3942 paen
1717 3883 1751 3929 S
1787 3888 1868 3928 ete
1911 3881 2029 3941 hyie
2065 3880 2182 3940 ehyi
2219 3894 2382 3940 epaen
2421 3881 2458 3926 A

227 3974 283 4013 et
343 3965 462 4026 hyie
516 3965 690 4025 ethyie
743 3979 874 4024 paen
930 3977 965 4012 a
1016 3966 1256 4027 ethehyie
1313 3966 1416 4018 (uel
1471 3965 1695 4026 etehyie)
1749 3966 2029 4026 chyiepaen
2083 3963 2211 4032 bmp.
2247 3966 2289 4011 δι
2326 3965 2459 4024 ehye

228 4052 370 4110 ehye
416 4050 519 4101 (uel
559 4049 729 4110 ehyie)
779 4064 909 4109 pean
956 4051 1058 4108 edq
1194 4063 1293 4109 225
1330 4050 1523 4110 caliope
1560 4062 1591 4096 c
1729 4065 1848 4097 cura
1901 4049 2093 4096 leuiore
2130 4049 2175 4096 Β
2209 4049 2460 4095 curauerit

228 4149 327 4181 ore
363 4133 438 4181 SA
611 4136 710 4180 226
747 4133 858 4193 giro
895 4135 964 4192 dq
1136 4149 1231 4193 227
1272 4142 1542 4181 conectere
1579 4136 1651 4182 SA
1689 4141 1995 4181 connectere
2031 4134 2075 4180 Β
2245 4131 2380 4192 iilllo
2420 4133 2458 4177 A

228 4219 337 4265 228
375 4231 515 4264 mosu
554 4219 604 4270 (v
643 4223 687 4263 et
724 4234 751 4264 a
791 4225 956 4279 supra
994 4234 1024 4264 ο
1063 4225 1107 4265 et
1145 4236 1174 4265 u
1212 4234 1308 4264 scr.
1351 4234 1492 4266 man.
1531 4219 1640 4270 alt.)
1682 4220 1714 4265 A
1754 4228 1928 4278 putato
1965 4219 2065 4275 edq
