3109 5559
1620 66 1739 132 Rei
1770 66 2048 132 rusticae
2078 65 2190 132 lib.
2226 67 2333 132 111
2365 89 2422 133 c.
2456 88 2492 154 3
2625 86 2706 153 27

199 243 457 330 inquit
504 242 707 309 uitio
756 242 1142 322 Graecinus,
1192 243 1483 329 primum
1530 244 1713 329 quod
1760 243 1829 309 in
1875 243 2292 329 explorandis
2337 245 2707 312 seminibus

201 373 436 417 nemo
478 349 751 415 adhibet
792 349 1199 435 diligentiam
1238 363 1305 416 et
1344 349 1496 416 ideo
1536 349 1805 436 pessimi
1846 350 2101 436 generis
2142 350 2440 437 plerique
2482 351 2708 419 uineta

203 469 617 532 conserunt,
665 456 905 522 deinde
949 470 1088 522 sata
1131 478 1267 522 non
1311 456 1401 522 ita
1443 456 1766 535 nutriunt,
1814 471 1890 523 ut
1933 470 2083 523 ante
2126 457 2588 525 conualescant
2630 480 2705 524 ac

81 592 150 642 :35
204 563 603 649 prosiliant,
654 583 857 648 quam
902 575 1354 642 retorrescant,
1405 563 1522 628 sed
1571 577 1637 628 et
1683 563 1739 628 si
1786 562 1956 629 forte
2003 562 2429 643 adoleuerint,
2482 564 2704 650 negle-

206 684 467 756 genter
499 668 746 735 colunt.
834 688 881 751 5
924 669 1056 734 iam
1087 668 1252 734 illud
1284 691 1321 733 a
1351 669 1679 755 principio
1711 668 1875 735 nihil
1908 669 2147 735 referre
2178 683 2466 749 censent,
2502 692 2705 756 quem

208 776 462 843 locum
509 789 873 854 conserant,
920 775 1131 840 immo
1175 775 1372 840 etiam
1416 776 1556 841 sedi
1607 775 1939 862 <e>ligunt
1983 777 2403 842 deterrimam
2448 789 2704 862 partem

210 905 569 969 agrorum,
611 895 952 968 tamquam
990 881 1129 947 sola
1166 881 1251 948 sit
1287 881 1444 947 huic
1481 882 1670 968 stirpi
1707 883 1990 948 maxime
2027 896 2199 948 terra
2237 883 2491 962 idonea,
2535 904 2704 969 quae

212 989 402 1055 nihil
430 989 612 1054 aliud
638 988 808 1054 ferre
834 989 1061 1075 possit.
1092 989 1209 1054 sed
1236 1011 1318 1054 ne
1345 988 1638 1075 ponendi
1664 989 1936 1075 quidem
1964 988 2285 1054 rationem
2311 1003 2423 1055 aut
2449 989 2703 1075 perspi-

91 1126 167 1173 4ο
214 1096 423 1162 ciunt
457 1110 574 1162 aut
606 1109 1018 1181 perspectam
1052 1109 1488 1181 exequuntur;
1524 1109 1670 1161 tum
1704 1095 1902 1162 etiam
1936 1096 2184 1174 dotem,
2221 1096 2291 1161 id
2325 1110 2426 1162 est
2458 1096 2703 1162 instru-

214 1216 564 1280 mentum,
598 1224 741 1267 raro
771 1202 983 1268 uineis
1012 1216 1420 1288 praeparant,
1452 1223 1608 1268 cum
1636 1223 1712 1266 ea
1741 1224 1863 1281 res,
1894 1201 1952 1268 si
1979 1201 2222 1268 omissa
2249 1202 2353 1281 sit,
2386 1201 2705 1288 plurimas

216 1330 473 1395 operas
505 1330 629 1374 nec
660 1308 882 1375 minus
913 1330 1130 1375 arcam
1162 1309 1365 1395 patris
1396 1308 1680 1374 familiae
1712 1330 1973 1394 semper
2003 1308 2358 1374 exhauriat.
2453 1311 2497 1372 6
2524 1308 2702 1374 fruc-

217 1429 384 1482 tum
432 1437 595 1480 uero
643 1414 940 1501 plerique
988 1437 1189 1501 quam
1236 1414 1568 1481 uberrime
1614 1428 2025 1500 praesentem
2073 1428 2533 1481 consectantur
2581 1436 2705 1480 nec

221 1521 598 1608 prouident
650 1520 875 1587 futuro
928 1522 1231 1608 tempori,
1288 1522 1406 1587 sed
1459 1521 1647 1607 quasi
1701 1520 1893 1607 plane
1946 1521 2015 1586 in
2069 1521 2247 1587 diem
2299 1521 2552 1600 uiuant,
2609 1522 2705 1588 sic

104 1656 172 1712 45
223 1628 546 1715 inperant
579 1628 828 1694 uitibus
861 1643 928 1695 et
959 1650 1068 1694 eas
1100 1628 1190 1693 ita
1223 1627 1449 1694 multis
1483 1626 1866 1714 palmitibus
1899 1641 2193 1706 onerant,
2231 1642 2305 1693 ut
2337 1627 2705 1715 posteritati

222 1757 374 1801 non
406 1734 775 1801 consulant.
811 1735 973 1801 haec
1003 1734 1227 1800 omnia
1256 1733 1365 1800 uel
1397 1748 1571 1800 certe
1604 1733 1888 1820 plurima
1919 1756 1998 1799 ex
2030 1733 2134 1800 his
2166 1756 2320 1800 cum
2352 1734 2704 1800 commise-

226 1856 415 1922 runt,
465 1841 735 1928 quiduis
777 1841 1032 1908 malunt
1075 1862 1276 1928 quam
1318 1862 1508 1907 suam
1550 1839 1815 1926 culpam
1858 1839 2155 1906 confiteri
2199 1854 2703 1927 querunturque

226 1971 375 2015 non
402 1948 802 2035 respondere
829 1947 956 2013 sibi
981 1948 1223 2026 uineta,
1254 1969 1422 2033 quae
1448 1947 1556 2012 uel
1584 1969 1703 2033 per
1728 1946 2068 2012 auaritiam
2094 1946 2202 2012 uel
2229 1946 2569 2013 inscientia
2595 1946 2704 2012 uel

230 2077 357 2141 per
386 2054 870 2141 neglegentiam
899 2054 1348 2140 perdiderunt.

122 2187 186 2235 5ο
324 2179 367 2243 7
405 2163 499 2226 At
545 2161 602 2227 si
652 2161 802 2247 quis
850 2182 1005 2226 cum
1053 2160 1324 2227 scientia
1371 2160 1719 2226 sociauerit
1767 2159 2191 2247 diligentiam,
2245 2182 2400 2238 non,
2452 2173 2529 2225 ut
2576 2181 2703 2245 ego

232 2268 631 2346 existimem,
682 2266 1071 2353 <amphoras
1115 2267 1471 2354 percipiet>
1516 2281 1812 2332 trecenas
1855 2266 1962 2332 uel
2002 2280 2181 2332 certe
2226 2267 2532 2332 ducenas.
2582 2266 2701 2331 sed

236 2373 631 2452 Graecinus,
664 2373 1020 2439 minimum
1048 2386 1436 2459 conputans,
1470 2372 1661 2439 licet
1688 2372 1905 2458 inquit
1934 2372 2350 2459 amphoras
2379 2372 2703 2438 uicenas

234 2480 693 2566 percipiant
753 2502 843 2546 ex
896 2479 1235 2566 singulis
1288 2478 1719 2565 iugeribus,
1775 2479 2031 2545 omnis
2083 2479 2300 2558 istos,
2358 2479 2492 2564 qui
2546 2478 2701 2544 fae·

235 2608 424 2653 num
500 2608 726 2652 suum
792 2599 869 2652 et
932 2586 1201 2652 holera
1265 2585 1835 2672 amplexantur,
1904 2586 2394 2652 incremento
2461 2584 2700 2671 patri-

131 2717 191 2767 ss
236 2692 486 2759 monii
530 2691 766 2758 facile
810 2692 1321 2778 superabunt;
1358 2714 1482 2758 nec
1515 2692 1586 2758 in
1620 2691 1747 2759 hoc
1780 2706 1970 2770 errat,
2008 2692 2277 2778 quippe,
2315 2706 2391 2758 ut
2424 2691 2701 2778 diligens

241 2799 661 2865 ratiocinator
690 2798 939 2865 calculo
969 2798 1184 2886 posito
1215 2799 1418 2878 uidet,
1452 2798 1522 2864 id
1550 2820 1760 2885 genus
1789 2798 2266 2885 agricolationis
2296 2798 2579 2864 maxime
2609 2799 2701 2864 rei

241 2904 546 2972 familiari
576 2906 965 2972 conducere.

0 1829 8 1861 b

247 3098 314 3146 32
344 3083 614 3135 Crecinus
643 3082 781 3135 S¹A¹
815 3109 854 3119 -
891 3099 955 3147 33
988 3083 1156 3135 homo
1185 3082 1260 3135 Αι
1294 3110 1332 3119 -
1367 3083 1553 3136 adibet
1583 3083 1646 3136 8ι
1680 3110 1718 3120 -
1756 3099 1824 3147 34
1854 3082 2136 3134 enutriunt
2164 3082 2268 3134 AR
2303 3109 2340 3118 -
2381 3098 2444 3146 35
2479 3083 2699 3135 adolue-

248 3184 374 3224 runt
410 3172 527 3225 ΒΑι
557 3182 678 3236 post
714 3189 899 3224 rasura
935 3171 975 3224 S
1008 3198 1047 3208 -
1082 3172 1363 3236 neglenter
1394 3172 1468 3224 Αι
1504 3199 1541 3209 -
1579 3186 1646 3237 37
1670 3173 1787 3225 sedi
1811 3171 2020 3237 eligunt
2043 3172 2225 3236 scripsi
2244 3171 2538 3236 sediligunt
2561 3171 2699 3224 S¹A¹

248 3261 555 3324 sedeligunt
580 3259 643 3312 S’
667 3260 903 3325 seligunt
927 3260 1054 3313 A¹R
1079 3260 1198 3312 uide
1223 3260 1341 3313 diss.
1364 3271 1457 3325 pp.
1485 3273 1591 3323 151
1615 3279 1687 3326 sq.
1726 3288 1763 3298 -
1798 3278 1868 3326 4ο
1893 3272 2178 3326 perspecta
2203 3277 2293 3312 me
2317 3260 2392 3312 A¹
2426 3287 2464 3296 -
2499 3261 2698 3324 ex(s)e-

250 3361 495 3413 quuntur
516 3347 624 3414 Δὶς
647 3360 987 3413 exequantur
1009 3349 1048 3402 8
1071 3361 1398 3402 exsecuntur
1421 3348 1540 3401 hbr
1554 3361 1854 3402 execuntur
1877 3364 2062 3417 mpyo
2097 3377 2135 3386 -
2169 3361 2290 3401 tum
2312 3349 2365 3400 R
2386 3366 2515 3400 cum
2538 3349 2630 3401 SA
2663 3375 2700 3385 -

249 3455 310 3502 41
334 3455 452 3491 rara
469 3437 547 3490 Αι
580 3464 620 3473 -
653 3453 722 3502 43
743 3439 1086 3490 uberrimum
1103 3438 1230 3491 A²R
1265 3465 1303 3474 -
1338 3454 1410 3502 44
1427 3439 1692 3502 temporis
1712 3450 1766 3490 et
1785 3439 1897 3492 8Αι
1932 3466 1972 3475 -
2005 3439 2159 3491 uiuat
2178 3438 2290 3491 SA¹
2325 3464 2364 3474 -
2397 3453 2463 3502 45
2487 3438 2700 3502 inperat

250 3526 358 3580 SA¹
392 3554 432 3563 -
460 3536 582 3591 post
621 3538 848 3579 onerant
888 3526 1010 3580 add.
1053 3538 1115 3580 ut
1154 3528 1405 3580 hibeaeas
1446 3527 1520 3578 ita
1560 3528 1748 3580 multis
1787 3528 2104 3591 palmitibus
2143 3538 2438 3579 onerantur
2462 3526 2537 3579 A¹
2572 3554 2611 3564 -
2637 3538 2701 3580 ut

252 3633 344 3669 om.
375 3616 453 3668 ΑΙ
482 3642 521 3652 -
555 3616 871 3680 posteritate
894 3616 1031 3669 S¹A¹
1067 3643 1105 3653 -
1138 3618 1208 3682 46
1233 3634 1362 3670 cum
1387 3633 1485 3669 om.
1512 3616 1551 3669 8
1586 3644 1623 3652 -
1658 3617 2078 3669 commisserunt
2099 3616 2174 3669 Α*
2199 3616 2599 3668 commisserint
2624 3616 2700 3669 A·

250 3705 622 3758 commiserint
646 3705 699 3756 R
734 3732 772 3741 -
806 3706 875 3770 48
901 3706 1008 3758 sibi
1032 3705 1158 3757 A¹R
1181 3707 1227 3758 si
1252 3707 1291 3759 S
1314 3707 1361 3758 si
1387 3706 1476 3758 uel
1501 3705 1576 3757 Αι
1612 3732 1649 3742 -
1684 3722 1825 3770 quae
1849 3723 1946 3758 om.
1972 3706 2046 3758 Αι
2080 3732 2120 3742 -
2154 3722 2253 3770 per
2277 3704 2441 3757 SA²R
2466 3722 2702 3769 parapar

249 3794 321 3846 Αι
353 3820 393 3831 -
430 3794 715 3846 auaritiem
741 3793 781 3846 S
805 3795 1096 3847 auariciem
1120 3795 1193 3846 Αι
1219 3796 1510 3847 auariciam
1532 3794 1609 3847 Α*
1644 3821 1681 3831 -
1717 3795 2055 3847 inscientiam
2080 3794 2219 3847 r¹no
2253 3820 2292 3830 -
2327 3794 2415 3846 uel
2441 3811 2540 3858 per
2564 3812 2699 3859 neg-

253 3882 535 3947 ligentiam
557 3881 685 3935 A'R
709 3900 849 3947 quae
873 3884 987 3936 ΒΑ*
1022 3910 1060 3919 -
1098 3900 1165 3948 5ο
1190 3884 1260 3935 ad
1281 3883 1355 3935 Αι
1391 3910 1428 3920 -
1464 3884 1749 3936 inscientia
1774 3883 1886 3935 ΒΑι
1918 3910 1956 3919 -
1980 3899 2039 3948 51
2071 3884 2377 3935 existimem
2401 3882 2629 3946 Dahllo'f
2640 3893 2697 3947 p.

251 3984 352 4035 134
380 3971 696 4024 existiment
724 3971 836 4024 ΒΑι
864 3972 1116 4025 existimo
1142 3971 1269 4024 A'R
1301 3998 1340 4008 -
1374 3973 1665 4036 amphoras
1693 3972 1956 4036 percipiet
1983 3972 2180 4035 addidi,
2211 3989 2309 4024 om.
2340 3972 2482 4024 SAR
2515 3999 2554 4007 —
2588 3982 2699 4023 tre-

250 4078 408 4114 oenas
438 4076 522 4125 op
550 4061 781 4113 tricenas
809 4061 952 4113 SAR
985 4088 1023 4097 -
1058 4072 1203 4112 certe
1232 4061 1468 4113 ducenas
1496 4060 1611 4113 ΒΑι
1641 4062 1871 4114 decenas
1899 4073 2044 4113 certe
2070 4060 2197 4113 A'R
2232 4088 2270 4098 -
2299 4071 2419 4125 post
2445 4061 2544 4113 sed
2571 4059 2695 4112 add.

251 4162 309 4203 ut
331 4150 461 4204 A‘R
494 4176 534 4187 -
571 4165 640 4215 52
666 4150 844 4214 inquit
869 4150 1159 4214 amphoras
1183 4149 1309 4201 A²R
1332 4150 1390 4201 in
1414 4150 1644 4213 quidam
1667 4167 1859 4214 operas
1883 4149 1996 4202 8Αι
2020 4150 2138 4202 uide
2161 4150 2280 4203 diss.
2303 4161 2394 4214 pp.
2423 4162 2524 4211 152
2550 4166 2623 4213 sq.
2663 4176 2701 4185 -

254 4256 315 4304 53
339 4240 646 4305 percipient
667 4238 793 4291 A¹R
828 4266 866 4275 -
900 4239 1080 4291 ferum
1102 4238 1215 4291 8Αι
1250 4266 1289 4274 -
1325 4254 1389 4303 55
1416 4251 1555 4291 errat
1578 4239 1681 4305 ογΙ
1705 4250 1816 4291 erat
1839 4238 1952 4291 8Αι
1975 4250 2154 4291 errant
2176 4238 2303 4291 A¹R
2339 4266 2376 4275 -
2411 4239 2700 4303 diligenter

32 4332 48 4388 ἱ
252 4329 362 4381 8Αι
397 4356 436 4366 -
472 4329 540 4394 56
572 4328 940 4381 ratiocinatior
967 4328 1060 4381 SA
1093 4355 1130 4365 -
1165 4328 1448 4392 proposito
1476 4328 1550 4380 Αι
1587 4355 1625 4364 -
1660 4328 1812 4381 uidet
1841 4327 1924 4379 λσ
1951 4328 2138 4380 uidere
2167 4339 2221 4379 et
2252 4327 2343 4379 SA
2372 4326 2524 4379 uidet
2554 4338 2607 4379 et
2637 4327 2698 4393 hj

253 4444 289 4454 -
324 4432 390 4483 57
417 4417 701 4471 familiaris
727 4417 842 4470 ΒΑι
874 4444 914 4455 -
949 4419 1191 4470 condure
1219 4417 1259 4470 S
1293 4443 1332 4453 -
1368 4433 1435 4481 59
1457 4427 1578 4481 post
1605 4419 1874 4470 excedunt
1902 4417 2024 4469 add.
2055 4428 2167 4468 tam
2195 4416 2234 4468 S
2269 4442 2307 4452 ·-
2342 4432 2451 4479 que
2479 4416 2699 4481 mulgus
