3109 5559
631 338 715 392 68
1222 357 1276 401 1..
1326 357 1453 401 ivm
1499 357 1826 401 MODERATl
1873 356 2284 400 COLVMELLAE

628 512 783 574 dam
833 515 1211 594 prouinciiS‚
1261 516 1373 578 ubi
1421 528 1636 579 status
1684 516 1833 579 talis
1880 516 2043 579 caeli
2092 529 2212 590 est,
2265 529 2639 599 usurpatur.
2735 539 2892 581 nam

627 621 807 700 quod
878 621 1057 684 sicco
1122 621 1268 684 solo
1340 624 1671 704 ingestum
1742 634 1808 685 et
1869 625 2245 686 inoccatum
2305 637 2428 700 est,
2478 626 2760 707 proinde
2809 647 2892 689 ac

626 728 682 789 si
753 730 1114 809 repositum
1187 731 1252 792 in
1325 731 1563 793 horreo
1610 751 1743 795 non
1792 732 2247 812 corrumpitur,
2298 744 2496 813 atque
2545 732 2652 794 ubi
2704 735 2891 796 uenit

570 835 854 914 simber,
907 834 1258 898 multorum
1306 838 1560 900 dierum
1610 839 1924 901 sementis
1972 859 2103 900 uno
2152 839 2259 900 die
2306 840 2535 920 surgit.
2617 839 2893 902 Treme-

624 941 748 1004 lius
794 943 1063 1022 quidem
1110 944 1480 1019 adseuerat,
1532 946 1711 1025 prius
1743 966 1941 1026 quam
1975 944 2347 1026 inpluuerit,
2384 946 2469 1033 ab
2502 947 2739 1010 auibus
2770 960 2888 1010 aut
2915 980 2943 1030 5

625 1047 913 1111 formicis
959 1061 1104 1112 sata
1183 1072 1312 1114 non
1362 1052 1677 1128 infestari,
1728 1053 1882 1114 dum
1928 1054 2196 1115 aestiuis
2227 1054 2692 1116 serenitatibus
2724 1075 2891 1136 ager

623 1169 783 1230 aret,
855 1157 1055 1238 idque
1125 1159 1326 1220 etiam
1397 1161 1661 1240 saepius
1711 1179 1833 1221 nos
1880 1161 2140 1240 experti
2189 1180 2415 1222 uerum
2464 1160 2683 1222 adhuc
2730 1182 2888 1224 esse

621 1264 1062 1344 conperimus.
1129 1267 1340 1346 magis
1388 1279 1544 1347 apte
1594 1277 1814 1328 tamen
1864 1268 1928 1328 in
1964 1268 2105 1329 eius
2139 1266 2320 1330 modi
2352 1268 2529 1347 agris
2561 1268 2884 1331 adoreum

620 1391 817 1451 quam
869 1372 1153 1434 triticum
1201 1374 1456 1449 seritur,
1505 1375 1817 1455 quoniam
1868 1372 2246 1447 folliculum,
2297 1394 2431 1455 quo
2479 1376 2882 1451 continetur,

620 1477 878 1540 firmum
947 1490 1014 1541 et
1071 1479 1433 1544 durabilem
1483 1481 1804 1542 aduersus
1851 1479 2167 1562 longioris
2213 1482 2532 1562 temporis
2580 1502 2886 1544 umorem
2915 1514 2995 1551 10

618 1585 842 1648 haben

186 1692 456 1748 Quantum
548 1689 598 1754 9
796 1693 1100 1774 Iugerum
1138 1695 1274 1774 agri
1311 1695 1578 1775 pinguis
1612 1694 1996 1775 plerumque
2030 1695 2293 1756 modios
2317 1696 2512 1757 tritici
2538 1706 2878 1776 quattuor,

185 1781 378 1839 ‘'¹¹¹²“
414 1792 494 1827 ⁸⁶·
620 1800 967 1863 mediocris
1037 1803 1326 1883 quinque
1397 1801 1716 1883 postulat;
1791 1801 1976 1863 adori
2044 1802 2304 1864 modios
2355 1822 2616 1878 nouem,
2665 1803 2720 1864 si
2769 1816 2879 1865 est

185 1869 438 2016 :¹5:22¹
618 1907 863 1969 laetum
911 1907 1145 1983 solum,
1195 1909 1250 1970 si
1302 1909 1654 1983 mediocre,
1690 1909 1925 1971 decem
1958 1909 2312 1972 desiderat.
2380 1929 2532 1970 nam
2566 1911 2880 1989 quamuis

186 2048 421 2096 adicien-
616 2015 701 2076 de
750 2035 1057 2077 mensura
1106 2017 1319 2077 minus
1367 2016 1746 2077 auctoribus
1794 2017 2122 2089 conuenit,
2174 2017 2345 2077 hanc
2394 2026 2613 2079 tamen
2663 2017 2878 2079 uideri
2911 2048 2983 2100 ¹5

616 2122 1221 2185 commodissimam
1291 2123 1518 2185 docuit
1584 2136 1807 2185 noster
1874 2142 2059 2198 usus;
2132 2143 2328 2203 quem
2386 2124 2440 2184 si
2489 2124 2637 2205 quis
2683 2126 2875 2204 sequi

172 2137 307 2183 dnm
348 2138 423 2184 sit

616 2243 891 2304 recusat,
965 2239 1182 2291 utatur
1243 2231 1618 2310 praeceptis
1665 2250 1913 2307 eorum,
1963 2231 2076 2311 qui
2123 2231 2393 2292 uberem
2443 2250 2752 2311 campum
2800 2231 2876 2292 in

612 2336 872 2417 singula
942 2337 1168 2417 iugera
1225 2337 1440 2412 tritici,
1508 2337 1749 2417 quibus
1815 2348 1882 2399 et
1930 2339 2134 2410 adori,
2185 2348 2339 2400 octo
2391 2337 2629 2398 modiis
2678 2337 2877 2399 obse·

616 2464 756 2506 rere
827 2445 1236 2525 praecipiunt
1284 2454 1485 2525 atque
1533 2444 1658 2505 hac
1706 2445 2010 2525 portione
2059 2444 2502 2506 mediocribus
2548 2445 2724 2525 agris
2770 2464 2876 2506 se·

554 2553 772 2614 zmina
845 2551 1225 2632 praebenda
1297 2562 1593 2613 censent.
1693 2552 1886 2613 nobis
1952 2572 2034 2615 ne
2082 2553 2275 2614 istam
2324 2528 2612 2634 quidem]
2663 2571 2875 2632 quam
2909 2583 2999 2620 20

634 2659 1103 2740 praediximus,
1176 2679 1544 2720 mensuram
1601 2679 1863 2741 semper
1919 2658 2137 2740 placet
2181 2662 2446 2732 seruari,
2495 2659 2678 2740 quod
2723 2678 2884 2720 eam

616 2768 823 2828 uariat
872 2778 984 2829 aut
1032 2765 1158 2828 loci
1191 2778 1305 2828 aut
1339 2767 1657 2847 temporis
1691 2777 1804 2828 aut
1836 2766 2000 2828 caeli
2035 2768 2363 2829 conditio:
2399 2765 2546 2838 loci,
2581 2786 2729 2827 cum
2765 2765 2882 2827 uel

616 2875 677 2935 in
713 2875 967 2954 campis
1000 2872 1100 2936 uel
1136 2872 1414 2935 collibus
1449 2872 1839 2936 frumentum
1871 2873 2104 2935 seritur
2137 2886 2334 2954 atque
2369 2873 2446 2935 iis
2479 2872 2579 2935 uel
2615 2873 2882 2953 pingui-

795 3092 825 3133 4
866 3073 1131 3122 tremelius
1252 3070 1537 3119 tremellius
1575 3072 1695 3120 SAR
1841 3081 1867 3132 5
1910 3076 2181 3118 asseuerat
2208 3072 2252 3118 Β
2277 3071 2471 3131 aliquot
2572 3069 2717 3130 prius
2742 3084 2878 3127 nm„

612 3180 652 3210 s.
693 3180 744 3211 u.
784 3162 948 3211 adscr.
988 3178 1058 3208 m.
1084 3169 1164 3223 pr.
1190 3162 1224 3208 S
1368 3159 1646 3221 inpluuerit
1671 3160 1775 3207 SAs
1802 3159 2100 3220 impluuerit
2125 3161 2170 3208 Β
2207 3159 2467 3220 impluerit
2492 3153 2548 3206 (1¹
2693 3159 2726 3206 6
2754 3166 2880 3207 sata

615 3269 718 3301 non
757 3252 990 3300 infestari
1030 3249 1098 3297 du
1136 3253 1170 3298 S
1225 3257 1306 3298 sat
1343 3249 1489 3297 aridu
1529 3250 1609 3297 A·
1663 3255 1777 3296 sata
1813 3249 1927 3296 ridu
1967 3250 2012 3297 Β
2057 3258 2170 3296 sata
2209 3249 2322 3296 rodi
2359 3261 2394 3306 p
2432 3256 2545 3296 sata
2584 3248 2668 3296 edi
2705 3247 2792 3295 ubi
2833 3263 2881 3308 g

758 3357 863 3389 nox
900 3344 1046 3400 (corr.
1087 3355 1157 3386 m.
1198 3339 1317 3394 uec.)
1351 3342 1390 3388 A
1536 3337 1569 3386 8
1610 3338 1960 3399 comperimus
1998 3340 2079 3387 SR
2116 3339 2448 3398 comperibus
2485 3338 2540 3393 (b
2567 3338 2621 3384 in
2661 3353 2707 3385 m
2736 3352 2877 3384 corr.

613 3448 685 3479 m.
744 3431 864 3487 αεὶ.)
900 3432 939 3478 Α
1085 3438 1206 3490 apte
1251 3429 1326 3476 ed.
1365 3428 1492 3490 Reg.
1537 3428 1676 3489 1496
1725 3428 1827 3476 alte
1864 3429 1953 3486 Sip
2001 3429 2132 3475 alter
2168 3428 2254 3474 ΑΒ
2292 3427 2446 3475 alitur
2480 3430 2547 3486 gt·
2689 3438 2721 3485 9
2761 3426 2881 3490 qu'fl

612 3520 776 3570 trium
816 3523 850 3569 S
900 3535 1051 3586 quam
1093 3520 1143 3566 in
1180 3519 1404 3567 triticum
1446 3520 1530 3567 ΑΒ
1718 3516 1820 3583 qu&
1856 3519 1931 3565 SA
1979 3517 2220 3578 quoniam
2260 3531 2287 3565 s
2349 3531 2506 3581 quom
2554 3517 2635 3563 uel
2669 3531 2781 3563 cum
2828 3520 2882 3567 B

795 3622 851 3657 11
896 3625 1130 3657 umorem
1188 3610 1223 3657 S
1269 3606 1491 3656 humor&
1526 3622 1553 3656 s
1612 3622 1849 3656 umorum
1889 3609 1926 3655 A
1975 3607 2250 3654 humorum
2290 3620 2326 3654 a
2364 3622 2434 3652 m.
2472 3621 2566 3654 rec.
2605 3607 2660 3652 in
2697 3607 2734 3654 A
2774 3605 2880 3653 hu-

613 3716 815 3748 morum
857 3700 937 3746 uel
973 3700 1222 3747 humores
1259 3692 1395 3755 (·ris)
1432 3702 1475 3748 Β

790 3789 880 3837 ΙΧ.
958 3789 1223 3849 Quantum
1282 3787 1532 3852 cuiusque
1590 3785 1804 3835 seminis
1852 3784 1902 3833 in
1942 3783 2123 3846 iugerss
2163 3784 2505 3832 adiiciendum
2546 3785 2614 3833 sit
2651 3784 2789 3831 rubr.
2833 3800 2881 3845 g

612 3878 755 3939 (add.
812 3878 877 3943 cp
936 3877 1073 3935 xm)
1124 3891 1176 3925 m
1235 3875 1377 3934 (add.
1438 3876 1496 3924 C.
1556 3874 1649 3931 xl)
1705 3880 1801 3922 atr.
1842 3878 1868 3923 t
1943 3875 2022 3923 De
2078 3874 2294 3922 sationis
2362 3873 2541 3923 ffisura
2598 3876 2652 3921 in
2691 3889 2878 3937 marg.

612 3970 827 4017 maiusc.
868 3984 939 4015 m.
980 3968 1067 4015 alt.
1105 3970 1139 4016 S
1312 3978 1371 4013 12
1411 3966 1701 4031 plerunque
1739 3966 1784 4013 Β
1927 3970 2152 4029 quatuor
2197 3964 2280 4011 uel
2313 3964 2400 4011 1111
2437 3965 2481 4012 Β
2529 3964 2724 4025 aliquot

619 4070 680 4120 13
719 4058 869 4107 ndori
906 4058 1015 4114 (alt.
1054 4058 1146 4104 iss
1203 4072 1274 4102 m.
1314 4054 1430 4112 uer.)
1453 4057 1493 4103 A
1534 4055 1699 4102 adorii
1728 4050 1780 4109 (ii
1808 4055 1860 4101 in
1896 4054 1942 4101 ei
1963 4070 2089 4100 corr.
2112 4068 2182 4100 m.
2211 4053 2377 4105 anas
2414 4053 2593 4101 adorei
2633 4058 2676 4103 B
2825 4056 2879 4103 ai

610 4142 1051 4209 sb²dgk1½s²tfia
1083 4146 1158 4194 sic
1193 4137 1585 4205 Aab¹cl¹mqs¹t
1743 4156 1803 4204 14
1831 4144 2050 4208 quanuis
2078 4146 2121 4192 R
2243 4142 2302 4190 18
2344 4143 2490 4191 odori
2528 4144 2613 4192 AB
2649 4142 2684 4199 (i
2723 4145 2777 4191 in
2821 4147 2882 4195 ei

612 4254 739 4286 corr.
780 4253 851 4284 m.
891 4238 997 4291 alt.)
1022 4239 1057 4285 S
1093 4235 1273 4284 adorei
1310 4249 1345 4294 p
1489 4235 1661 4282 modis
1695 4234 1800 4292 (alt.
1839 4234 1852 4281 i
1889 4249 1957 4280 ss.
2003 4249 2071 4281 m.
2112 4231 2221 4283 alt.)
2258 4235 2291 4281 S
2327 4229 2437 4289 (alt.
2478 4232 2491 4280 i
2528 4248 2596 4281 ss.
2638 4248 2692 4279 m
2748 4234 2890 4289 net.)

611 4330 650 4376 A
800 4339 865 4374 22
906 4326 1143 4374 condicio
1182 4327 1223 4373 A
1371 4335 1436 4385 23
1476 4324 1538 4372 iis
1577 4327 1611 4373 S
1648 4324 1728 4372 bis
1767 4325 1850 4371 AR
