3109 5559
470 80 556 168 78
687 80 766 146 L.
801 80 954 147 Iuni
984 79 1319 147 Moderati
1349 79 1755 147 Columellae

367 288 434 326 ιο
565 277 607 324 2
646 257 824 324 Cum
860 279 1157 324 mensem
1191 257 1648 324 tricensimum
1682 257 1959 325 excessit
1993 257 2210 344 posita
2243 257 2458 337 uinea,
2499 257 2571 324 id
2604 271 2709 324 est
2744 258 2936 324 tertio

478 378 819 444 autumno,
886 364 1492 431 uehementioribus
1553 364 2025 431 statuminibus
2087 364 2310 431 statim
2372 364 2754 451 inpedanda
2816 378 2934 444 aet3

474 470 678 558 idque
706 494 843 538 non
869 485 947 538 ut
973 470 1134 537 libet
1160 485 1275 538 aut
1299 470 1577 538 fortuito
1602 470 2003 538 faciendum:
2034 493 2191 537 nam
2217 470 2359 537 siue
2387 494 2595 558 prope
2621 484 2936 538 truncum

476 577 849 665 deponitur,
882 577 1072 664 palus
1101 577 1319 664 pedali
1348 592 1573 644 tamen
1602 578 1816 664 spatio
1846 577 2240 644 recidendus
2269 591 2389 657 est,
2424 599 2508 644 ne
2538 591 2653 644 aut
2685 591 2937 664 premat

474 697 589 750 aut
617 684 905 751 radicem
934 684 1257 763 uulneret,
1289 698 1357 751 et
1386 698 1463 751 ut
1489 682 1706 751 fossor
1732 698 1958 751 tamen
1986 684 2070 750 ab
2100 684 2285 751 omni
2314 698 2501 771 parte
2528 684 2787 751 semina
2814 684 2933 750 cir·

366 820 427 871 ις
473 790 857 870 cumfodiat,
940 811 990 873 3
1033 790 1220 878 isque
1251 791 1442 878 palus
1471 791 1567 857 sic
1596 791 1946 879 ponendus
1974 804 2094 870 est,
2127 805 2204 858 ut
2230 790 2553 878 frigorum
2582 805 2650 858 et
2680 790 2932 878 aquilo·

475 919 639 964 num
663 897 944 984 excipiat
967 897 1351 964 uiolentiam
1375 897 1716 984 uitemque
1740 911 2061 984 protegat;
2087 897 2230 964 siue
2255 897 2477 964 medio
2501 896 2933 965 interordinio

474 1017 815 1090 pangetur,
843 1004 951 1070 uel
977 1003 1412 1091 deponendus
1436 1018 1536 1071 est
1560 1004 1690 1083 uel,
1718 1004 1903 1091 prius
1927 1004 2170 1091 paxillo
2194 1003 2527 1091 perforato
2552 1003 2717 1084 solo,
2747 1003 2933 1070 altius

473 1108 881 1196 adfigendus,
913 1132 1050 1197 quo
1076 1109 1334 1176 facilius
1361 1124 1427 1177 et
1455 1110 1688 1197 iugum
1715 1123 1783 1177 et
1808 1106 2104 1177 fructum
2131 1110 2468 1177 sustineat.
2502 1133 2660 1178 nam
2690 1123 2933 1197 quanto

475 1216 749 1303 propius
783 1230 1096 1283 truncum
1131 1216 1334 1283 ridica
1367 1216 1697 1295 statuitur,
1734 1217 1933 1283 etiam
1969 1216 2201 1283 leuiter
2236 1215 2449 1283 defixa
2483 1216 2784 1283 stabilior
2816 1228 2927 1293 est,

360 1352 432 1390 20
475 1323 791 1410 quoniam
820 1322 1275 1410 constringens
1305 1324 1515 1390 uitem
1545 1336 1778 1389 mutua
1807 1323 1953 1389 uice
1984 1324 2346 1390 sustinetur
2374 1337 2442 1390 et
2471 1323 2773 1390 sustinet.

562 1449 604 1512 4
645 1429 1130 1496 Statuminibus
1175 1429 1414 1496 deinde
1458 1428 1750 1496 firmiora
1794 1430 1946 1516 iuga
1991 1443 2148 1496 sunt
2192 1430 2526 1517 inliganda
2569 1451 2782 1517 eaque
2825 1426 2927 1494 uel

474 1535 778 1622 saligneis
841 1535 1107 1623 perticis
1170 1536 1277 1602 uel
1341 1535 1774 1622 conpluribus
1838 1536 2027 1623 quasi
2090 1535 2418 1603 fasciculis
2481 1535 2929 1603 harundinum

475 1655 931 1721 conectuntur,
976 1655 1053 1708 ut
1095 1642 1378 1729 rigorem
1420 1641 1706 1708 habeant
1748 1663 1870 1708 nec
1912 1642 2287 1729 pandantur
2328 1665 2525 1709 onere
2568 1642 2925 1708 fructuum.

474 1770 630 1814 nam
673 1748 865 1815 binae
907 1748 1041 1814 iam
1084 1748 1391 1815 materiae
1434 1748 1710 1835 singulis
1751 1749 2117 1815 seminibus
2160 1749 2674 1816 summittendae
2718 1758 2924 1823 erunt,

359 1883 426 1934 ²5
473 1854 600 1921 nisi
634 1854 689 1921 si
720 1868 943 1921 tamen
978 1855 1302 1941 gracilitas
1335 1854 1492 1921 uitis
1526 1855 1802 1921 alicuius
1835 1855 2281 1942 angustiorem
2314 1855 2729 1942 putationem
2763 1851 2925 1919 desi-

475 1960 748 2040 derabit,
796 1961 986 2028 cuius
1029 1982 1204 2027 unus
1248 1961 1500 2048 palmes
1543 1974 1742 2048 atque
1787 1961 1967 2028 idem
2011 1982 2376 2049 paucorum
2419 1962 2769 2028 oculorum
2811 1957 2926 2025 erit

476 2067 968 2154 relinquendus.

338 2255 432 2334 17
565 2267 606 2308 ι
644 2245 1130 2326 Pertic<ar>um
1181 2246 1412 2333 iugum
1452 2245 1690 2313 fortius
1731 2245 2086 2333 minusque
2127 2268 2482 2333 operosum
2522 2260 2644 2313 est.
2690 2245 2922 2311 harun-

474 2351 663 2417 dines
686 2351 989 2438 pluribus
1012 2352 1229 2439 operis
1253 2353 1581 2438 iugantur,
1609 2352 1927 2439 quoniam
1950 2366 2016 2419 et
2040 2352 2344 2439 pluribus
2368 2351 2529 2419 locis
2554 2363 2919 2425 nectuntur,

477 2463 806 2545 <e>aeque
833 2458 1005 2525 inter
1029 2481 1099 2525 se
1126 2459 1461 2525 conuersis
1487 2458 1942 2525 cacuminibus
1968 2458 2355 2525 uinciendae
2382 2473 2557 2538 sunt,
2589 2473 2667 2525 ut
2692 2476 2921 2543 aequa-

474 2563 554 2630 lis
587 2565 951 2631 crassitudo
985 2565 1190 2631 totius
1223 2564 1360 2651 iugi
1394 2565 1497 2631 sit.
1536 2587 1693 2631 nam
1727 2565 1782 2631 si
1816 2564 2158 2632 cacumina
2191 2565 2262 2631 in
2295 2588 2508 2632 unum
2541 2573 2917 2651 conpetunt,

399 2700 428 2749 ς
475 2670 864 2738 inbecillitas
914 2671 1056 2737 eius
1106 2670 1329 2757 partiS,
1381 2684 1649 2758 grauata
1699 2671 2012 2759 pondere,
2065 2672 2199 2737 iam
2249 2685 2588 2738 maturum
2638 2670 2919 2737 fructum

474 2778 829 2864 prosternit
862 2791 930 2844 et
962 2777 1236 2844 canibus
1271 2776 1560 2865 ferisque
1596 2778 1814 2844 reddit
1848 2777 2231 2844 obnoxium.
2322 2797 2364 2844 2
2408 2791 2474 2844 at
2507 2800 2667 2845 cum
2702 2776 2919 2860 iugum

474 2883 544 2950 in
567 2882 814 2950 fascem
836 2884 1139 2971 pluribus
1163 2883 1646 2951 harundinibus
1669 2884 1915 2950 alterna
1938 2884 2358 2951 cacuminum
2381 2884 2527 2951 uice
2553 2884 2919 2951 ordinatum

548 3057 633 3109 17:
668 3060 689 3095 1
729 3042 868 3096 Ptin.
896 3052 1007 3095 nat.
1036 3043 1230 3106 17,166
1266 3069 1305 3080 -
1339 3043 1444 3096 6-8
1468 3043 1608 3096 Ptin.
1636 3052 1747 3095 nat.
1776 3055 1971 3107 17,174
2005 3069 2045 3080 -
2079 3059 2256 3108 ²0-34
2278 3042 2418 3096 Ptin.
2446 3054 2559 3096 nat.
2588 3035 2913 3107 17,177-180

473 3158 512 3169 -
545 3148 723 3197 43-45
751 3132 891 3185 Ptin.
920 3141 1030 3185 nat.
1060 3144 1255 3196 17,194
1291 3159 1329 3169 -
1364 3148 1536 3197 52-55
1565 3131 1705 3185 Ptin.
1734 3142 1844 3185 nat.
1874 3132 2070 3196 17,165

472 3275 816 3340 trigesimum
850 3273 965 3341 bpc
999 3301 1038 3312 -
1071 3275 1362 3328 excesserit
1393 3274 1447 3326 R
1480 3301 1519 3312 -
1560 3292 1581 3327 1
1596 3292 1617 3327 1
1658 3275 1845 3327 statim
1876 3274 1930 3326 R
1962 3286 2168 3327 statum
2201 3274 2294 3328 SA
2326 3301 2365 3312 -
2399 3273 2734 3340 inpedienda
2766 3268 2853 3322 SA
2882 3289 2916 3300 ··

479 3380 542 3417 12
566 3364 735 3429 idque
758 3377 800 3431 γ
822 3364 897 3417 ita
919 3363 1012 3417 SA
1032 3364 1217 3429 itaque
1237 3363 1291 3415 R
1324 3390 1364 3401 -
1396 3375 1459 3416 ut
1481 3381 1596 3416 non
1617 3364 1671 3416 A
1703 3390 1743 3401 -
1783 3380 1843 3429 13
1870 3364 2127 3429 defigitur
2139 3362 2380 3430 imfpyo
2413 3391 2451 3401 -
2492 3381 2559 3429 14
2580 3361 2814 3416 semiim
2832 3349 2920 3418 his

472 3470 711 3506 aerunna
747 3468 788 3517 y
821 3480 859 3490 -
901 3469 961 3518 15
1002 3453 1081 3505 sic
1118 3470 1217 3505 om.
1258 3452 1351 3506 SA
1382 3479 1422 3490 -
1462 3453 1524 3505 16
1564 3453 1852 3518 prodigam
1890 3453 1930 3505 S
1967 3464 2252 3519 protegam
2289 3453 2343 3505 A
2375 3479 2415 3489 -
2456 3466 2519 3517 17
2560 3444 2912 3506 defodiendus

473 3541 741 3608 mlx-‘nco
773 3568 812 3578 -
846 3542 1031 3594 taxillo
1052 3542 1145 3596 SA
1176 3569 1214 3579 -
1249 3541 1509 3594 ferforato
1529 3542 1592 3594 8ι
1614 3541 1877 3594 ferrorato
1896 3542 1950 3594 A
1983 3569 2021 3579 -
2062 3542 2125 3595 18
2147 3541 2502 3607 adfrigendus
2523 3542 2600 3594 A¹
2621 3532 2911 3602 adigendus

470 3632 524 3684 R
558 3658 596 3668 -
636 3647 699 3695 19
724 3631 953 3696 propius
977 3629 1163 3697 bfpco
1185 3632 1440 3697 proprius
1465 3631 1609 3684 SAR
1641 3657 1680 3667 -
1715 3642 1942 3684 truncus
1967 3631 2091 3695 λγ.
2111 3643 2340 3684 truncus
2364 3648 2496 3683 cum
2518 3629 2704 3698 121⁸pr
2725 3634 2912 3678 trunco

470 3738 601 3773 cum
618 3718 670 3786 j²
704 3747 742 3757 -
777 3721 962 3785 rediga
987 3720 1027 3772 S
1061 3747 1099 3757 -
1135 3736 1204 3773 20
1230 3720 1606 3785 constringens
1633 3719 1848 3789 SAth
1875 3720 2197 3785 contingens
2215 3718 2408 3785 wayq
2435 3720 2785 3783 contringens
2812 3724 2848 3764 0
2875 3731 2909 3743 ··

472 3826 535 3863 21
577 3809 945 3873 inligamenda
980 3809 1020 3862 S
1056 3809 1406 3874 inligamenta
1439 3809 1493 3861 A
1525 3836 1565 3846 —
1599 3826 1804 3874 eaeque
1837 3809 1914 3861 A²
1949 3836 1987 3846 -
2022 3825 2089 3874 23
2128 3820 2534 3863 connectuntur
2569 3809 2623 3861 R
2657 3833 2696 3844 -
2729 3800 2913 3856 habeat

470 3899 563 3952 SA
596 3925 635 3936 -
671 3914 741 3962 24
762 3899 924 3951 binae
948 3897 1216 3963 mlx-'fico
1237 3898 1398 3951 uinae
1421 3898 1461 3951 S
1483 3898 1676 3951 uineae
1699 3897 1869 3964 Ajbr²
1891 3899 2022 3951 bine
2045 3899 2207 3951 uince
2228 3898 2274 3950 h
2297 3898 2491 3951 bineae
2513 3914 2556 3963 y
2589 3924 2629 3935 -
2662 3887 2911 3948 matutine

469 3988 561 4041 SA
579 3999 823 4040 maturae
835 3986 860 4053 j
896 4014 936 4025 -
968 3988 1272 4041 seminibus
1294 4027 1306 4040 .
1322 4028 1333 4040 .
1350 4028 1362 4040 .
1384 3988 1652 4052 gracilitas
1671 3987 1747 4040 bis
1765 3987 1858 4041 SA
1891 4015 1929 4025 -
1964 4004 2030 4053 25
2053 3988 2383 4041 desiderabit
2402 3987 2572 4052 capr.
2595 3973 2908 4039 desiderauit

470 4077 613 4130 SAR
645 4104 685 4114 -
720 4090 789 4141 27
813 4077 1185 4142 relinquendis
1206 4077 1298 4130 SA

546 4180 631 4232 17:
668 4183 689 4218 1
725 4166 1056 4231 perticarum
1079 4166 1195 4219 Ash
1223 4166 1496 4231 perticum
1522 4166 1615 4219 SA
1643 4166 1879 4231 perticae
1907 4164 2129 4231 Ιήλγφο
2156 4166 2384 4231 perticat
2410 4163 2473 4232 fp
2498 4191 2538 4202 -
2560 4161 2767 4218 firmius
2782 4153 2909 4222 112⁶

468 4281 508 4293 -
536 4272 874 4309 onorosuum
902 4256 965 4308 8ι
995 4272 1290 4309 onerosum
1319 4255 1383 4307 S¹
1413 4272 1763 4308 oneremsum
1790 4256 1844 4308 A
1871 4282 1911 4293 -
1940 4271 1974 4310 2
2004 4255 2265 4319 operibus
2293 4257 2453 4326 λργ.
2481 4281 2521 4292 -
2551 4270 2580 4319 3
2610 4262 2809 4314 eaeque
2827 4237 2908 4302 ‘ll'

472 4361 646 4409 aeque
679 4344 771 4397 SA
806 4355 861 4396 et
896 4361 1069 4409 aeque
1101 4344 1155 4396 R
1188 4370 1227 4380 -
1261 4344 1703 4397 cacacuminibus
1737 4344 1791 4396 A
1823 4370 1863 4381 -
1896 4344 2201 4397 uincendae
2234 4342 2510 4409 S¹Ahbry
2545 4370 2584 4381 -
2617 4342 2651 4394 6
2685 4337 2752 4390 ad
2785 4329 2845 4384 8ι
2873 4349 2907 4361 “

472 4446 506 4498 7
539 4434 743 4486 alterna
766 4432 933 4500 ἰῆς.
961 4445 1147 4486 ternae
1177 4433 1269 4486 SA
1300 4433 1537 4486 alternae
1567 4432 1689 4500 Ιιλρ
1724 4460 1764 4471 -
1798 4433 1831 4486 8
1864 4434 2209 4498 quinquenni
2239 4432 2367 4485 11λο
2396 4459 2437 4470 -
2471 4432 2732 4498 praebent
2760 4418 2845 4475 SA
2874 4438 2908 4450 ‘⁸
