3109 5559
980 366 1095 411 REI
1127 365 1449 413 Rvsncmz
1481 365 1611 412 Lm.
1644 365 1770 412 v111
1802 366 1859 412 c.
1893 364 1931 428 5
2503 365 2581 428 25

327 536 394 591 et
426 543 625 608 quam
654 528 1061 609 purissimam
1090 528 1539 609 praebebimus
1568 545 1826 609 aquam.
1858 548 1977 590 nec
2004 528 2221 590 minus
2247 528 2582 608 gallinaria

328 654 579 715 semper
605 635 1063 716 fumigabimus
1087 642 1153 697 et
1182 635 1535 697 emundata
1561 643 1837 698 stercore
1862 634 2294 697 liberabimus·
2325 634 2504 714 quod
2527 634 2582 697 si
2602 650 2678 695 21

329 749 549 804 tamen
570 742 768 822 pestis
787 742 1228 822 permanserit,
1250 748 1403 803 sunt
1424 741 1536 821 qui
1556 742 1757 803 micas
1777 741 1884 803 alii
1903 741 2125 822 tepido
2147 740 2582 803 madefaciant

329 849 470 909 oleo
505 855 571 910 et
609 848 902 910 faucibus
934 848 1236 910 inferant.
1276 847 1542 928 quidam
1578 847 1856 909 hominis
1890 848 2077 910 urina
2112 847 2333 928 tepida
2367 848 2580 928 rigant

272 972 306 1022 5
329 972 463 1026 ora,
497 961 564 1016 et
596 954 848 1016 tamdiu
880 954 1290 1035 conprimunt
1323 954 1480 1016 dum
1512 973 1622 1017 eas
1653 954 2017 1016 amaritudo
2049 960 2238 1034 cogat
2261 973 2375 1035 per
2397 973 2583 1016 nares

329 1060 573 1121 emoliri
634 1060 907 1141 pituitae
954 1080 1282 1123 nauseam.
1334 1080 1466 1123 uua
1511 1080 1788 1141 quoque,
1837 1080 2034 1141 quam
2081 1061 2307 1123 Graeci
2352 1056 2581 1142 ἀγρίαν

330 1162 660 1247 σταφυλήν
696 1174 955 1239 uocant,
992 1186 1142 1229 cum
1176 1167 1320 1229 cibo
1354 1167 1564 1229 mixta
1598 1168 1879 1248 prodest,
1917 1167 2021 1229 uel
2053 1168 2279 1229 eadem
2311 1166 2583 1247 pertrita

328 1279 393 1335 et
423 1292 574 1335 cum
602 1292 774 1353 aqua
800 1274 986 1353 potui
1014 1274 1189 1335 data.

412 1380 628 1459 Atque
680 1380 837 1441 haec
888 1379 1168 1441 remedia
1216 1379 1621 1441 mediocriter
1670 1379 2114 1442 laborantibus
2170 1379 2579 1441 adhibentur.
2601 1398 2678 1443 22

240 1505 310 1541 10
328 1505 484 1547 nam
526 1485 581 1547 si
622 1485 862 1566 pituita
904 1486 1323 1548 circumuenit
1367 1486 1586 1548 oculos
1628 1492 1695 1548 et
1739 1486 1869 1547 iam
1912 1485 2087 1548 cibos
2130 1485 2271 1547 auis
2312 1485 2579 1566 respuit,

331 1592 497 1653 ferro
543 1592 994 1654 rescinduntur
1038 1611 1259 1672 genae,
1309 1599 1375 1653 et
1425 1599 1654 1654 coacta
1701 1592 1822 1654 sub
1870 1592 2070 1653 oculis
2117 1592 2327 1654 sanies
2374 1591 2584 1653 omnis

328 1698 729 1778 exprimitur.
764 1706 960 1778 atque
990 1698 1085 1760 ita
1114 1699 1381 1778 paulum
1412 1698 1555 1760 triti
1586 1698 1735 1760 salis
1763 1698 2134 1760 uulneribus
2163 1697 2580 1776 infria[n]tur.

330 1804 398 1866 id
434 1824 624 1885 porro
661 1804 895 1866 uitium
954 1804 1234 1866 maxime
1271 1805 1557 1866 nascitur
1594 1824 1743 1866 cum
1781 1805 2009 1884 frigore
2046 1810 2113 1866 et
2150 1805 2418 1884 penuria
2454 1804 2584 1866 cibi
2603 1824 2684 1884 23

329 1911 627 1973 laborant
659 1930 831 1983 aueS‚
865 1911 1022 1972 item
1053 1930 1203 1973 cum
1233 1930 1348 1992 per
1379 1918 1695 1974 aestatem
1727 1911 2081 1973 consistens
2110 1911 2177 1972 in
2208 1911 2582 1973 cohortibus

239 2037 309 2088 15
330 2017 454 2079 fuit
488 2036 679 2097 aqua,
712 2017 869 2079 item
901 2037 1049 2079 cum
1080 2017 1245 2079 ficus
1275 2023 1391 2079 aut
1424 2037 1554 2079 uua
1588 2017 1915 2080 inmatura
1944 2037 2063 2079 nec
2093 2017 2179 2079 ad
2208 2018 2582 2079 satietatem

330 2124 641 2204 permissa
703 2130 821 2196 est,
887 2123 1121 2204 quibus
1184 2123 1421 2185 scilicet
1484 2123 1646 2186 cibis
1708 2124 2131 2185 abstinendae
2191 2130 2343 2186 sunt
2408 2143 2580 2185 aues,

329 2249 566 2310 eosque
599 2235 674 2291 ut
709 2229 1051 2292 fastidiant
1085 2230 1286 2292 efficit
1321 2249 1451 2292 uua
1482 2230 1778 2292 labrusca
1811 2231 1890 2292 de
1922 2230 2227 2310 uepribus
2258 2229 2585 2292 inmatura

403 2443 506 2492 3-4
537 2429 755 2482 Pallad.
780 2444 831 2490 r,
858 2443 944 2494 27,
967 2443 1028 2486 2,·
1051 2431 1212 2495 Geop.
1240 2444 1327 2495 14,
1350 2445 1437 2495 17,
1454 2442 1490 2494 5
1662 2432 1766 2494 6-7
1797 2430 1996 2481 Pallad
2036 2444 2089 2489 1,
2110 2443 2196 2495 27,
2219 2443 2280 2487 2,·
2304 2431 2468 2496 Geop.
2494 2444 2581 2493 14,

327 2532 416 2583 17,
438 2530 473 2581 5
607 2531 744 2578 9-12
770 2519 984 2570 Pallad.
1015 2533 1066 2578 1,
1084 2532 1170 2584 27,
1189 2534 1250 2576 2,·
1277 2520 1437 2585 Geop.
1460 2532 1546 2583 14,
1566 2533 1652 2584 17,
1671 2519 1703 2569 6
1845 2522 2034 2583 17-26:
2061 2532 2084 2567 1
2112 2520 2260 2569 Plin.
2284 2524 2391 2570 nat.
2412 2533 2498 2582 14,
2516 2534 2583 2584 99

409 2708 431 2742 1
466 2696 842 2759 purissimam]
869 2697 1293 2747 mundissimam
1318 2704 1416 2755 οφ
1617 2696 1965 2760 gallinariam
1986 2692 2073 2747 ΒΑ
2272 2711 2301 2745 2
2326 2700 2383 2745 et
2408 2712 2508 2749 om.
2533 2691 2586 2746 A

545 2785 846 2834 emendata
874 2780 961 2835 SA
991 2786 1268 2836 mundata
1296 2785 1425 2842 02²¹
1603 2786 1963 2836 liberauimus
1984 2779 2037 2834 A
2216 2798 2247 2848 3
2278 2786 2454 2850 pestis
2478 2802 2581 2838 om.

328 2868 485 2944 οᾱίιγ
518 2873 642 2936 (exc.
676 2867 717 2936 t)
939 2874 1112 2924 micas
1158 2869 1382 2926 SAoelt⁸
1433 2875 1690 2940 (Pallad.)
1725 2875 1910 2939 spicas
1937 2870 1990 2924 R.
2204 2875 2301 2924 alii
2330 2869 2366 2925 8
2395 2875 2505 2923 alei
2533 2870 2586 2924 R.

328 2958 480 3011 alleii
530 2968 670 3032 Yon
719 2961 815 3011 alli
863 2958 904 3012 k
952 2963 1052 3012 alfi
1098 2957 1463 3014 Aah⁸wub¹lu
1509 2963 1617 3013 olei
1646 2960 1683 3014 ί
1910 2962 2257 3013 madefactas
2284 2958 2337 3012 R.

331 3065 364 3113 4
396 3050 519 3100 oleo
566 3054 624 3100 et
673 3036 893 3121 ΒΑφψ
939 3052 1062 3101 oleo
1090 3047 1143 3101 R.
1399 3051 1648 3102 inserant
1679 3062 1713 3110 p
1975 3062 2006 3114 5
2037 3052 2417 3117 comprimunt
2447 3052 2585 3102 dum

330 3153 434 3189 om.
484 3146 548 3188 ο·
897 3140 1036 3190 dum
1078 3142 1194 3202 eas]
1246 3141 1391 3194 duas
1420 3135 1493 3190 A¹
1809 3142 1843 3190 6
1871 3152 2139 3190 nauseam
2186 3136 2234 3190 t·
2279 3153 2508 3190 naseam
2537 3136 2584 3189 8¹

328 3240 542 3277 nausea
569 3222 622 3276 R.
650 3241 829 3278 nausa
856 3223 943 3278 SA
1158 3231 1293 3292 uua]
1332 3244 1446 3279 una
1474 3225 1527 3279 R.
1562 3230 1765 3296 aliquot
1794 3244 1944 3295 aqua
1971 3224 2058 3279 SA
2254 3234 2374 3294 post
2404 3229 2585 3293 graeci

329 3317 454 3367 add.
506 3316 798 3380 appellant
829 3325 864 3374 n
1112 3329 1310 3381 αγριαν
1356 3318 1643 3384 σταφυλην
1684 3319 1774 3369 uel
1803 3320 1923 3370 sim.
1958 3313 2449 3375 meo-uma
2480 3334 2582 3369 om.

328 3421 384 3455 u.
418 3411 503 3470 sp.
536 3419 584 3459 r.
616 3400 669 3454 R
698 3406 815 3456 sine
847 3421 900 3457 u.
933 3412 1018 3471 sp.
1051 3401 1123 3457 αἱ
1342 3421 1372 3470 7
1404 3411 1613 3457 uocant
1637 3422 1739 3458 om.
1765 3415 1800 3464 n
2014 3407 2255 3473 prodent
2285 3402 2372 3457 SA

329 3494 631 3559 pertritam
660 3488 696 3544 8
913 3495 944 3543 8
975 3499 1034 3544 et
1063 3508 1196 3545 cum
1223 3533 1235 3546 .
1265 3532 1278 3545 .
1307 3531 1320 3545 .
1352 3497 1567 3561 pituita
1596 3512 1700 3548 om.
1734 3505 1766 3545 ο
1971 3497 2169 3546 datam
2197 3491 2284 3546 SA

403 3597 438 3643 9
467 3583 789 3633 athibenter
825 3584 948 3647 (ad-
979 3578 1070 3648 A¹)
1103 3578 1156 3633 A
1376 3599 1439 3634 10
1468 3585 1682 3650 pituita
1710 3586 1756 3635 si
1789 3593 1888 3657 κγ
2072 3598 2129 3634 11
2164 3586 2522 3635 resciduntur
2548 3580 2587 3636 8

329 3672 667 3722 rescinditur
713 3667 798 3722 A·
1018 3686 1080 3722 12
1111 3676 1286 3738 atque
1316 3675 1401 3725 ita
1429 3712 1439 3724 .
1470 3712 1482 3723 .
1516 3711 1527 3723 .
1562 3674 1823 3724 infriatur
1853 3690 1954 3726 om.
1986 3683 2016 3723 r
2228 3675 2330 3736 ita]
2367 3674 2423 3723 id
2454 3669 2588 3724 uod

545 3760 681 3826 triti¹
700 3756 787 3811 SR
815 3762 1005 3812 attriti
1040 3756 1223 3813 Ah¹k0
1257 3764 1470 3812 attritis
1505 3748 1622 3833 Πψ
1661 3779 1762 3814 om.
1789 3772 1859 3813 u
2108 3763 2382 3812 ulceribus
2403 3759 2440 3813 ί
2464 3763 2584 3812 ulu-

331 3849 558 3899 neribus
587 3858 624 3899 ·
655 3849 1019 3901 muliebribus
1049 3860 1103 3900 ω
1244 3849 1506 3901 infriatur
1529 3854 1610 3903 ed.
1637 3858 1722 3917 pr.
1753 3853 1851 3916 (cfr
1873 3853 2104 3911 Richter,
2138 3851 2343 3902 Wiirzb.
2370 3852 2581 3916 Jahrb..

330 3938 583 4004 1949150,
635 3945 690 4004 p.
726 3952 757 4002 7
761 3941 835 4002 5):
881 3940 1184 3989 infriantur
1213 3934 1249 3990 8
1276 3940 1611 3990 infricantur
1640 3934 1690 3988 A
1720 3940 2055 3990 infricantur
2084 3941 2172 3991 uel
2198 3939 2505 3990 infricatur
2532 3936 2585 3990 R.

328 4025 668 4076 resi-icantur
716 4035 748 4076 e
982 4040 1044 4090 15
1076 4027 1185 4077 fuit
1234 4042 1385 4093 aqua
1430 4024 1517 4079 ΒΑ
1564 4042 1715 4094 aqua
1762 4033 1995 4092 potatur
2041 4024 2094 4078 R.
2300 4041 2414 4078 una
2461 4022 2588 4078 Alel

547 4121 667 4181 post
716 4116 1004 4167 inmatura
1050 4118 1170 4168 add.
1206 4132 1320 4167 uua
1367 4124 1418 4188 γ
1638 4118 1701 4166 16
1729 4118 1869 4167 ciuis
1917 4112 1976 4168 8¹
2198 4130 2261 4180 17
2290 4131 2357 4166 eo
2407 4131 2584 4181 usque

330 4199 383 4253 R.
413 4205 528 4255 Pol.
749 4211 867 4271 pose
914 4205 1209 4255 fastidiant
1242 4208 1363 4257 add.
1395 4210 1456 4255 te
1485 4200 1595 4256 8¹A
1813 4206 2101 4256 laberusca
2129 4200 2238 4256 8¹A
2268 4205 2586 4256 lambrusca

329 4288 387 4343 in
597 4294 671 4344 de
702 4307 760 4343 se
791 4295 1056 4358 uepribus
1086 4288 1136 4342 A
