3109 5559
726 322 812 375 90
1323 327 1376 369 L.
1429 327 1555 369 IVNI
1603 327 1927 371 MODERATl
1975 327 2385 370 COLvnu-:LLAE

726 492 938 545 torum
991 486 1285 565 iugerum
1332 486 1549 567 subigi
1598 487 1863 548 duobus
1911 489 2083 568 iugis
2131 487 2376 549 bouum
2427 487 2840 567 totidemque
2869 487 2988 547 bu·

724 590 934 654 bulcis
1003 603 1069 654 et
1138 612 1259 654 sex
1331 594 1761 668 mediastiniS‚
1819 595 1874 656 si
1932 606 2152 656 tamen
2211 605 2403 656 uacet
2450 592 2814 655 arboribus.
2919 606 2989 655 at

723 699 833 760 ubi
905 699 988 760 sit
1056 699 1418 774 arbustum,
1491 712 1712 764 tamen
1782 702 2068 763 eundern
2118 701 2390 762 modum
2438 699 2724 764 Saserna
2770 700 2990 762 tribus

724 806 1100 869 hominibus
1148 808 1426 869 adiectis
1473 808 1824 870 adseuerat
1871 809 2081 889 probe
2128 809 2291 870 satis
2337 808 2576 870 excoli.
2656 827 2823 889 quae
2855 827 2989 870 nos

722 914 889 975 ratio
958 915 1158 976 docet
1227 913 1529 977 sufficere
1601 934 1800 995 posse
1870 917 2092 996 iugum
2162 915 2408 977 bouum
2462 916 2654 978 tritici
2713 924 3037 992 centum5

723 1022 954 1101 uiginti
1024 1022 1312 1102 quiaque
1384 1022 1623 1083 modiis
1694 1022 2106 1105 totidemque
2178 1021 2602 1103 leguminum,
2662 1034 2734 1084 ut
2779 1022 2867 1084 sit
2922 1024 2983 1083 in

722 1147 936 1190 assem
1009 1129 1402 1198 autumnalis
1472 1130 1645 1191 satio
1712 1128 2080 1191 modiorum
2154 1130 2593 1192 ducentorum
2662 1130 2988 1210 quinqua·

719 1236 905 1315 ginta
974 1247 1041 1297 et
1109 1237 1389 1315 posthac
1462 1235 1665 1298 nihilo
1739 1238 1953 1298 minus
2023 1249 2454 1299 conserantur
2511 1238 2984 1300 trimenstrium

657 1339 924 1404 8m0dii
991 1343 1282 1423 quinque
1352 1356 1419 1405 et
1488 1345 1933 1424 septuaginta.
2031 1344 2158 1405 hoc
2206 1345 2449 1406 deinde
2495 1346 2591 1406 sic
2641 1344 2982 1424 probatur.

720 1449 992 1523 semina,
1064 1470 1235 1530 quae
1298 1461 1534 1530 quarto
1599 1450 1783 1512 sulco
1854 1463 2160 1513 seruntur
2228 1453 2292 1513 in
2366 1451 2699 1532 iugeribus
2746 1452 2983 1532 uiginti
3013 1481 3068 1513 10

720 1556 1033 1637 quinque,
1105 1556 1485 1620 desiderant
1546 1557 1982 1620 bubulcorum
2030 1578 2273 1638 operas
2319 1570 2580 1620 centum
2630 1559 2866 1620 decem
2918 1571 2987 1621 et

719 1664 1040 1744 quinque;
1114 1683 1266 1724 nam
1339 1665 1785 1744 proscinditur
1830 1666 1885 1726 is
1934 1666 2073 1746 agri
2123 1666 2380 1739 moduS,
2429 1667 2732 1746 quamuis
2778 1667 2985 1728 duris·

721 1773 890 1845 simi,
962 1771 1445 1852 quinquaginta
1505 1773 1749 1851 operiS,
1800 1773 2068 1834 iteratur
2115 1773 2406 1854 quinque
2453 1784 2522 1835 et
2568 1774 2824 1853 uiginti,
2860 1785 2984 1836 ter-

720 1879 915 1940 tiatur
961 1889 1030 1940 et
1076 1879 1442 1941 conseritur
1487 1879 1944 1960 quadraginta.
2027 1891 2249 1942 cetera
2281 1878 2613 1961 legumina
2646 1893 2985 1961 occupant

720 2004 961 2064 operas
1029 1986 1401 2065 sexaginta.
1476 1986 1540 2047 id
1599 1998 1701 2048 est
1749 2005 2013 2048 menses
2060 1987 2250 2048 duos.
2349 1986 2668 2066 pluuiales
2714 2007 2985 2069 quoque
3010 2014 3065 2059 15

718 2104 786 2154 et
858 2091 1161 2154 seriarum
1228 2104 1693 2173 conputantur,
1742 2094 1980 2173 quibus
2028 2114 2159 2155 non
2210 2105 2449 2168 aratur,
2500 2095 2644 2156 dies
2689 2095 2984 2176 quinque

719 2213 788 2261 et
834 2199 1292 2280 quadraginta,
1357 2201 1514 2262 item
1575 2212 1843 2281 peracta
1892 2202 2194 2273 sementi,
2239 2201 2480 2281 quibus
2536 2202 2980 2282 requiescunt.

721 2307 865 2368 dies
912 2307 1198 2386 triginta.
1278 2308 1374 2368 sic
1422 2308 1487 2368 in
1538 2324 1688 2369 asse
1734 2307 1900 2370 fiunt
1938 2320 2095 2371 octo
2152 2328 2414 2371 menses
2445 2319 2514 2370 et
2543 2308 2689 2371 dies
2721 2310 2980 2372 decem.

718 2424 1073 2494 supersunt
1104 2425 1327 2476 tamen
1363 2414 1447 2474 de
1481 2432 1657 2475 anno
1692 2425 1826 2476 tres
1859 2414 2085 2495 reliqui
2120 2435 2382 2479 menses
2414 2426 2481 2477 et
2512 2415 2656 2477 dies
2687 2417 2983 2497 quinque

717 2531 785 2582 et
818 2521 1072 2601 uiginti,
1107 2541 1278 2600 quos
1311 2521 1736 2582 absumamus
1767 2522 1968 2583 autin
1995 2523 2254 2584 satione
2279 2523 2747 2584 trimenstrium
2771 2535 2888 2585 aut
2916 2524 2979 2585 in
3003 2550 3067 2582 20

714 2628 1001 2689 uecturis
1027 2627 1199 2689 faeni
1225 2639 1289 2690 et
1316 2626 1708 2707 pabulorum
1729 2639 1797 2689 et
1820 2630 2128 2691 stercoris
2149 2629 2556 2711 aliorumque
2576 2630 2979 2692 utensilium.

606 2731 691 2795 13
894 2734 1028 2798 Sed
1078 2756 1164 2796 ex
1215 2735 1310 2808 iis,
1361 2754 1531 2814 quae
1590 2734 1826 2809 rettuli,
1861 2736 2223 2798 seminibus
2256 2737 2430 2798 idem
2467 2735 2754 2800 Saserna
2786 2748 2981 2819 putat

896 2876 916 2906 1
968 2862 1161 2908 bouum
1198 2863 1308 2920 SAq
1349 2862 1506 2910 boum
1547 2863 1590 2908 Β
1770 2875 1801 2907 2
1840 2860 2084 2909 arborius
2120 2864 2154 2909 8
2360 2869 2413 2911 at
2450 2864 2514 2912 bt.
2551 2870 2645 2911 aut
2686 2865 2808 2912 ΒΑΒ

710 2965 742 3009 3
781 2956 954 2997 tamen
993 2965 1097 2996 om.
1135 2945 1298 2999 save
1442 2955 1695 3010 npaserna
1733 2953 1806 2998 SA
1953 2967 1983 3008 4
2024 2958 2298 3000 ιιεοιιοηῑ
2334 2956 2378 3000 Β
2425 2952 2620 3017 aliquot
2770 2962 2799 3015 5
2833 2953 2978 3000 δοιιῦ

705 3042 740 3086 S
779 3040 974 3086 bouum
1013 3052 1076 3098 qs
1114 3039 1306 3086 bouom
1348 3040 1386 3086 A
1427 3040 1584 3086 boum
1626 3042 1669 3086 Β
1822 3039 1925 3087 triti
1962 3042 2036 3088 SA
2182 3040 2356 3088 6silA
2507 3057 2534 3101 7
2571 3041 2730 3101 sntiq3
2757 3043 2832 3090 SA

707 3130 740 3175 8
779 3131 1000 3189 posthac
1028 3130 1062 3175 S
1100 3129 1322 3187 posthstc
1362 3129 1400 3175 A
1439 3135 1563 3188 post
1602 3129 1695 3191 hec
1734 3128 1837 3185 (uel
1863 3128 1980 3188 hec)
2017 3133 2060 3178 Β
2205 3136 2553 3178 conserantur
2587 3142 2623 3189 p
2650 3146 2911 3179 conseruo
2945 3133 2980 3179 S

713 3225 995 3265 conserant
1022 3220 1104 3265 ΑΒ
1250 3218 1466 3265 trimens
1493 3218 1645 3268 trium
1673 3218 1708 3264 S
1746 3218 2115 3265 trimenstrium
2142 3221 2205 3266 (Is
2240 3218 2558 3267 trimenstri‘fl
2580 3221 2616 3268 ἰ
2634 3219 2975 3268 trimestrium

709 3310 745 3355 A
790 3307 1128 3355 trimestrium
1169 3309 1248 3353 uel
1283 3308 1603 3355 trimestrum
1647 3310 1689 3355 Β
1857 3321 1922 3354 xo
1958 3314 2158 3372 quanto
2195 3310 2229 3356 S
2264 3309 2315 3363 (r
2349 3324 2390 3355 s.
2431 3324 2461 3355 n
2502 3324 2573 3356 m.
2612 3310 2729 3356 rec.)
2767 3311 2806 3357 A

705 3404 950 3444 serantur
985 3399 1060 3445 SA
1213 3411 1233 3443 1
1253 3411 1270 3443 ι
1315 3396 1549 3445 desirant
1585 3392 1673 3457 (de
1713 3412 1783 3442 ss.
1821 3412 1892 3442 m.
1928 3398 2036 3445 alt.)
2063 3399 2096 3445 S
2122 3394 2210 3455 (de
2235 3413 2303 3445 SS.
2332 3413 2402 3444 m.
2432 3400 2546 3453 rec.)
2573 3401 2612 3446 A
2759 3408 2969 3446 centum

705 3486 839 3533 dece
877 3488 920 3533 ἃ
959 3487 1134 3551 quinq.
1174 3487 1207 3533 S
1247 3486 1341 3533 CX
1381 3489 1425 3533 ἃ
1451 3486 1678 3551 quinque
1704 3488 1789 3534 ΑΒ
1942 3500 2001 3533 12
2028 3487 2199 3534 modis
2225 3488 2263 3534 A
2434 3487 2655 3551 quanuis
2681 3490 2726 3536 Β
2749 3489 2977 3553 plerique

856 3590 917 3635 ¹5
957 3591 1091 3636 ope·
1111 3579 1145 3623 S
1162 3575 1243 3633 (ra
1262 3592 1329 3622 ss.
1355 3592 1426 3622 m.
1463 3575 1577 3630 rec.)
1601 3579 1640 3624 A
1794 3577 1857 3622 16
1878 3582 2245 3636 computantur
2264 3578 2309 3624 Β
2455 3576 2644 3640 quibus
2664 3592 2767 3624 non
2788 3585 2973 3626 aratur

703 3682 807 3712 om.
833 3667 944 3714 SAd
980 3664 1055 3719 (in
1097 3680 1268 3727 marg.
1306 3663 1427 3712 add.
1466 3667 1500 3712 d
1536 3668 1583 3710 et
1619 3680 1687 3710 m.
1729 3680 1820 3710 rec.
1860 3667 1913 3711 in
1951 3664 2009 3713 A)
2162 3680 2219 3724 17
2250 3665 2343 3712 XL
2369 3671 2422 3712 ta
2447 3668 2487 3714 A
2605 3668 2665 3713 18
2692 3665 2903 3728 triginta
2935 3669 2974 3715 A

709 3755 863 3803 XXX
901 3757 935 3802 8
975 3751 1179 3801 XXXta
1205 3768 1242 3802 a
1268 3755 1423 3801 XXX
1464 3755 1543 3800 uel
1579 3754 1783 3816 triginta
1822 3757 1865 3803 Β
2003 3761 2124 3801 octo
2151 3769 2361 3802 menses
2388 3754 2519 3802 fiunt
2545 3760 2801 3817 transpos.
2827 3758 2969 3818 srjgn.

695 3852 874 3908 postea
907 3853 1016 3908 pos,
1054 3848 1089 3893 A
1247 3860 1307 3903 19
1346 3843 1545 3907 relique
1586 3844 1691 3895 (alt.
1732 3855 1761 3890 e
1795 3848 1967 3904 postea
1995 3844 2049 3889 in
2071 3859 2091 3904 J
2121 3841 2271 3900 mut.)
2296 3845 2329 3891 S
2474 3859 2543 3891 20
2570 3844 2895 3892 absumimus
2921 3846 2966 3892 Β

696 3935 921 3996 plerique
1084 3935 1250 3982 satine
1288 3934 1342 3990 (ο
1381 3937 1439 3979 ut
1473 3932 1581 3979 m'd.
1618 3936 1709 3983 ss.)
1748 3934 1783 3980 S
1954 3931 2325 3980 trimenstrium
2364 3935 2568 3992 Stodqs
2623 3933 2965 3982 trimestrium

695 4024 751 4081 (n
790 4042 831 4069 s.
871 4040 930 4072 es
967 4040 1063 4071 scr.
1104 4039 1174 4070 m.
1215 4021 1330 4080 rec.)
1368 4025 1406 4070 A
1445 4022 1781 4070 trimestrium
1824 4027 1863 4070 Β
2010 4036 2073 4069 21
2119 4022 2289 4069 tentet
2326 4022 2361 4077 (ἰ
2400 4037 2442 4068 ε.
2475 4029 2557 4085 pr.
2596 4029 2617 4070 t
2655 4039 2726 4069 m.
2766 4025 2881 4072 rec.)
2922 4027 2961 4073 A

881 4113 1014 4160 xm.
1092 4115 1210 4172 Que
1251 4111 1507 4172 legumina
1545 4113 1685 4173 agris
1723 4112 1928 4172 prosint
1952 4124 2110 4175 queqz
2140 4127 2272 4159 noce
2289 4117 2377 4159 ant
2397 4111 2462 4173 cp
2483 4111 2585 4158 XX
2608 4112 2749 4159 rubr.
2770 4126 2824 4161 m
2852 4113 2975 4178 Que

700 4204 958 4265 legumina
1015 4202 1218 4263 prosint
1254 4203 1398 4262 agris
1433 4201 1709 4262 (transpos.
1748 4197 1909 4263 sign.)
1948 4198 2041 4264 &15
2083 4201 2273 4248 nomm
2312 4201 2451 4248 rubr.
2490 4217 2524 4261 q
2562 4217 2663 4265 que
2703 4203 2968 4263 legumina

699 4292 837 4354 agris
855 4292 1059 4354 pro-int
1077 4307 1237 4355 quem
1258 4298 1480 4338 noceant
1495 4290 1551 4338 C.
1574 4289 1740 4336 XVIII
1757 4291 1882 4336 urai.
1901 4294 1928 4338 t.
1951 4290 2070 4348 Que
2086 4291 2342 4351 legumina
2360 4291 2497 4351 agris
2515 4291 2701 4351 prosTt
2716 4293 2770 4339 in
2790 4307 2967 4355 marg.

704 4383 737 4428 d
852 4397 917 4429 22
946 4382 1025 4428 his
1051 4383 1089 4429 A
1130 4381 1209 4427 his
1231 4380 1309 4426 uel
1327 4381 1425 4440 hijs
1451 4382 1495 4427 Β
1643 4378 1793 4426 retuli
1819 4380 1863 4425 Β
1884 4379 2110 4439 plerique
2233 4380 2553 4427 sementibus
2582 4382 2640 4428 AI
2754 4387 2904 4442 putet
2931 4385 2970 4431 A
