3109 5559
626 204 707 282 48
1206 220 1267 266 1..
1298 220 1445 266 ivm
1478 220 1830 265 nolimu
1861 220 2304 265 commun

622 382 2862 462 locmumgemtaliumquamobrempetdudadharamdebentin-

557 481 919 567 6cludique
952 499 1027 550 ut
1062 489 1267 550 fetum
1299 489 1519 560 edant,
1554 489 1750 568 idque
1781 490 2046 568 singulis
2075 490 2272 550 semel
2303 489 2526 550 fec’sse
2555 489 2718 550 satis
2745 499 2860 559 est,

620 595 2862 675 quoniamunaquaequerecurriteodernubipriinopeperitsed

620 701 969 762 nouissimo
1020 702 1157 763 fetu
1207 721 1357 763 cum
1408 702 1708 763 uolumus
1757 702 1932 781 ipsas
1979 702 2304 772 incubare,
2355 702 2630 762 notandi
2678 710 2861 762 eruut

618 807 1117 887 uniuscuiusque
1158 815 1405 888 partus,
1448 817 1524 869 ut
1567 809 1699 869 suis
1739 808 2058 869 matribus
2097 809 2520 878 subiciantur,
2561 808 2912 887 quoniams

618 915 2864 994 negaturanseralienaexcudereoua,nisisubiectasuaquoque

618 1020 939 1083 habuerit
986 1030 1441 1101 supponuntur
1483 1029 1706 1082 autem
1749 1021 2000 1100 gallinis
2043 1022 2236 1082 huius
2271 1022 2520 1100 generis
2553 1021 2721 1082 sicut
2755 1040 2868 1100 pa-

618 1127 1519 1207 uoninaplurimaquinque,
1559 1127 2133 1207 paucissimam,
2173 1127 2866 1207 ipsisdeindeanseii-

616 1233 739 1294 bus
764 1233 1151 1313 paucissima
1177 1241 1447 1313 septem,
1477 1234 1756 1314 plurima
1781 1234 2170 1313 quindecim.

554 1350 597 1413 7
700 1339 2950 1402 Sedcustodiridebetutouissubicianturherbaeurticarumm

616 1480 701 1490 —
725 1465 856 1525 quo
881 1447 1065 1526 quasi
1092 1447 1372 1508 remedio
1397 1446 1804 1508 medicantur
1825 1483 1928 1518 —,
1954 1466 2036 1508 ne
2063 1447 2276 1508 noceri
2300 1447 2504 1526 possit
2529 1448 2868 1524 excus[s]is

617 1553 981 1624 anserculis,
1023 1572 1186 1632 quos
1223 1561 1494 1615 eneoent
1534 1553 1778 1614 urtioee
1816 1554 1872 1615 si
1911 1561 2165 1615 teneros
2203 1561 2632 1632 pupugerunt.
2675 1554 2868 1633 pullis

616 1667 839 1720 autem
872 1659 1225 1721 formandis
1256 1660 1796 1739 excludendisque
1829 1660 2098 1739 triginta
2129 1660 2356 1721 diebus
2388 1679 2552 1740 opus
2583 1667 2684 1720 est
2717 1679 2866 1721 cum

616 1772 769 1827 sunt
808 1765 1063 1846 frigora,
1102 1785 1255 1827 nam
1293 1766 1529 1846 tepidis
1566 1766 1850 1845 quinque
1887 1774 1954 1828 et
1991 1765 2224 1845 uiginti
2259 1766 2419 1828 satis
2453 1773 2574 1827 est.
2612 1766 2868 1846 saepius

618 1878 838 1933 tamen
867 1891 1053 1934 anser
1080 1872 1445 1934 tricensimo
1472 1873 1577 1934 die
1605 1872 1910 1934 nascitur.
2889 1893 2952 1941 15

553 1974 595 2035 8
698 1979 914 2058 Atque
952 1978 1008 2040 is
1046 1978 1202 2040 dum
1241 1979 1509 2058 exiguus
1547 1985 1647 2040 est
1686 1979 1907 2040 decem
1947 1979 2170 2059 primis
2208 1979 2435 2040 diebus
2473 1978 2763 2058 pascitur
2797 1978 2865 2039 in

618 2084 777 2146 hara
837 2085 1091 2146 clausus
1151 2104 1299 2146 cum
1360 2092 1589 2148 matre.
1654 2093 1882 2164 postea
1940 2104 2090 2147 cum
2151 2085 2461 2147 serenitas
2520 2085 2863 2164 permittit,

615 2190 991 2269 producitur
1031 2191 1098 2253 in
1141 2199 1332 2272 prata
1372 2198 1439 2254 et
1481 2191 1569 2253 ad
1611 2191 1906 2271 piscinas.
1951 2191 2440 2271 oeuendumque
2481 2197 2580 2252 est
2621 2210 2706 2252 ne
2746 2199 2864 2253 aut

691 2350 788 2385 1-2
820 2337 1032 2387 Pallad.
1066 2351 1117 2395 ι,
1136 2350 1225 2399 3ο,
1248 2351 1279 2386 2
1486 2340 1592 2401 4-6
1631 2338 1798 2388 Varro
1827 2344 1961 2388 rust.
1993 2350 2046 2399 3,
2068 2352 2156 2394 ιο,
2175 2350 2240 2400 3,·
2269 2338 2434 2403 Geop.
2469 2350 2555 2399 14,
2577 2350 2664 2394 22,
2686 2351 2720 2400 9

614 2439 719 2489 7-9
760 2426 929 2475 Varro
958 2433 1095 2476 rust.
1131 2439 1184 2488 3,
1206 2439 1293 2484 1ο,
1312 2439 1377 2489 3,·
1405 2427 1624 2478 Pallad.
1659 2440 1710 2485 1,
1728 2439 1816 2488 3ο,
1838 2440 1870 2476 2
2021 2441 2191 2490 10-14
2221 2427 2373 2477 Ptin.
2405 2432 2521 2477 nat.
2549 2440 2637 2483 Io,
2659 2426 2766 2487 163

620 2528 787 2564 10-12
822 2514 1033 2565 Pallad.
1067 2528 1117 2573 1,
1138 2528 1224 2578 3ο,
1248 2528 1281 2565 2
1448 2530 1619 2578 12-14
1662 2516 1828 2566 Varro
1857 2520 1998 2566 rust.
2029 2528 2082 2577 3,
2103 2529 2246 2578 ιο,3
2413 2518 2600 2578 16-49:
2622 2529 2652 2564 2
2695 2515 2868 2566 Varro

610 2609 743 2653 rust.
763 2616 817 2665 3,
843 2616 928 2662 ιο,
950 2616 1012 2666 4:
1031 2604 1244 2654 Pallad.
1267 2618 1316 2662 1,
1336 2617 1426 2666 3ο,
1445 2617 1509 2666 3;
1528 2605 1691 2670 Geop.
1715 2618 1800 2668 14,
1823 2617 1911 2663 22,
1933 2617 1967 2667 4
2064 2606 2254 2668 18—49:
2274 2619 2306 2667 5
2339 2604 2490 2654 Ptin.
2515 2610 2626 2654 nas.
2648 2617 2734 2662 ro,
2756 2604 2866 2666 163

690 2724 711 2760 1
748 2724 905 2760 aram
934 2704 1085 2769 ΒΑΘ
1261 2711 1431 2761 debet
1461 2705 1615 2780 ΒΑφ
1834 2724 1864 2759 2
1896 2709 2104 2761 festum
2134 2705 2207 2758 A²
2385 2716 2506 2776 post
2533 2711 2707 2760 edant
2736 2711 2864 2760 add.

611 2799 889 2864 plerisque
918 2799 1133 2869 κφιῑυ
1349 2816 1382 2862 4
1411 2801 1733 2851 incumbere
1776 2794 1885 2857 A¹p
1912 2801 2238 2852 incumbare
2267 2794 2341 2847 A·
2369 2801 2580 2851 cubare
2608 2795 2648 2848 k

611 2890 649 2938 6
677 2889 857 2938 aliene
887 2881 960 2937 Al
1174 2894 1294 2953 post
1323 2889 1430 2938 nisi
1473 2890 1597 2938 add.
1630 2890 1729 2940 ubi
1756 2885 1793 2939 ί
2011 2902 2041 2950 7
2073 2888 2238 2939 huius
2270 2889 2484 2952 generis
2513 2882 2665 2957 ΒΑφ
2695 2888 2871 2938 huius

613 2978 826 3042 generis
872 2991 984 3028 oua
1012 2972 1064 3027 Β
1280 2978 1312 3027 8
1342 2978 1453 3027 tria
1481 3015 1493 3027 .
1521 3016 1533 3027 .
1566 3014 1578 3027 .
1611 2978 1948 3041 paucissima
1978 2993 2082 3028 om.
2113 2987 2149 3028 1
2363 2992 2399 3038 9
2428 2981 2646 3042 septem
2676 2973 2728 3028 Β
2757 2976 2861 3042 sei»

608 3061 648 3117 8
677 3080 834 3130 semp
864 3059 915 3115 A
943 3079 1161 3130 semper
1192 3067 1319 3135 φῐιι

689 3170 752 3205 10
782 3155 1063 3206 custodire
1110 3150 1262 3225 ΒΑφ
1498 3155 1668 3205 debet
1716 3150 1868 3225 ΒΑφ
1911 3156 2120 3206 debent
2149 3151 2201 3206 Β
2230 3170 2334 3205 om.
2367 3164 2408 3203 u
2643 3160 2709 3206 ut
2739 3157 2872 3206 ouis

608 3229 966 3313 unlimpss
1017 3244 1115 3295 ubi
1162 3240 1214 3295 Β
1243 3249 1308 3296 ut
1340 3240 1364 3294 t
1622 3246 1923 3295 subiantur
1954 3240 2011 3295 8¹
2277 3258 2335 3294 11
2370 3259 2486 3310 quo
2532 3259 2666 3296 casu
2711 3240 2874 3315 οὰιγ

618 3333 741 3396 (exc.
775 3329 816 3397 t)
851 3348 965 3397 quo
995 3334 1105 3397 que
1132 3330 1169 3384 ί
1385 3334 1570 3385 medio
1600 3329 1636 3383 d
1827 3334 2237 3386 medicinantur
2266 3341 2300 3389 n
2479 3339 2599 3398 post
2626 3347 2698 3383 ne
2728 3334 2866 3384 aad.

611 3429 804 3473 autem
835 3417 935 3471 11²1:
1192 3424 1380 3474 noceri
1424 3433 1460 3482 p
1490 3436 1688 3475 nocere
1736 3417 1871 3473 SAR
1912 3437 2052 3474 noce
2080 3418 2117 3472 ί
2146 3427 2335 3472 uetere
2364 3416 2385 3470 l
2642 3424 2874 3474 excusis

610 3511 810 3561 Gesner
840 3516 1123 3575 praeeunte
1156 3511 1554 3576 Schbttgennio:
1585 3512 1831 3564 excussis
1853 3512 2000 3562 codd.
2217 3525 2279 3561 12
2310 3517 2551 3576 enegant
2574 3506 2630 3561 8¹
2654 3515 2872 3563 necant

609 3607 661 3672 γ
851 3602 1192 3665 pupugerint
1222 3596 1328 3651 vn
1356 3602 1620 3666 pugerint
1649 3611 1681 3650 Ι
1711 3604 2064 3665 pepugerunt
2093 3609 2129 3658 p
2327 3614 2389 3663 13
2422 3602 2634 3664 autem]
2669 3602 2874 3651 anima

607 3689 740 3760 91181
979 3690 1429 3755 excudendisque
1475 3685 1527 3740 Β
1574 3690 1915 3741 excudendis
1962 3698 2016 3739 ω
2063 3689 2527 3755 excutiendisque
2575 3699 2644 3748 φ
2692 3705 2870 3742 excu-

612 3779 921 3844 bandisque
949 3775 986 3829 ί
1198 3780 1434 3843 triginta
1481 3794 1584 3828 om.
1617 3779 1747 3847 qnx¹
1970 3793 2033 3840 14
2063 3782 2198 3829 sunt
2241 3778 2449 3842 frigora
2475 3817 2487 3829 .
2517 3817 2529 3829 .
2560 3816 2572 3829 .
2603 3781 2743 3828 satis
2775 3783 2870 3828 est

608 3884 712 3918 om.
746 3865 939 3936 fl¹qnx¹
1162 3881 1223 3929 15
1255 3869 1579 3919 tricensimo
1626 3861 1743 3918 ΒΑΘ
1771 3867 2134 3931 tric(c)esimo
2163 3866 2251 3917 uel
2278 3868 2566 3931 trigesimo
2594 3863 2646 3917 Β

688 3959 752 4007 16
783 3959 828 4007 is
857 3952 909 4007 Β
938 3957 1006 4006 iis
1035 3953 1070 4007 8
1098 3957 1157 4010 id
1188 3964 1225 4006 ⁸
1252 3971 1283 4005 e
1314 3956 1401 4007 his
1430 3952 1481 4005 A
1702 3971 1764 4020 17
1796 3971 1896 4008 ara
1924 3952 1976 4007 Β
2005 3956 2207 4022 aliquot
2384 3957 2640 4008 clausum
2671 3951 2878 4027 ampl»

830 4047 893 4096 18
923 4046 1252 4111 producitur
1282 4061 1384 4096 om.
1416 4042 1456 4095 k
1485 4046 1789 4110 producere
1816 4048 1927 4097 iter
1958 4054 2023 4096 ω
2203 4051 2262 4096 et
2291 4046 2348 4095 in
2380 4051 2548 4110 prata
2579 4041 2682 4096 (nb

606 4136 925 4188 cauendum
961 4134 1113 4200 (·que
1144 4136 1267 4198 om.)
1301 4131 1591 4204 odnqnx¹oe
