3109 5559
599 188 718 249 114
1178 189 1235 233 L.
1268 188 1417 234 IVNI
1451 188 1802 234 MODERATI
1833 188 2275 235 cotquLLAE

677 350 894 429 Atque
925 349 1039 411 ubi
1069 355 1358 430 potestas
1389 350 1566 413 facta
1595 357 1693 412 est
1726 350 1983 413 liberius
2007 349 2408 431 inspiciendi,
2442 350 2592 422 fere,
2626 350 2681 412 si
2714 351 2846 412 duo

533 464 573 526 7
595 463 748 518 sunt
785 455 1104 527 examina,
1145 456 1275 518 duo
1312 476 1544 536 genera
1580 476 1838 537 quoque
1877 457 2174 518 fauorum
2207 456 2648 518 inueniuntur.
2690 476 2848 518 nam

594 562 793 624 etiam
823 562 889 624 in
920 562 1259 625 concordia
1287 582 1477 624 suum
1507 582 1802 643 quaeque
1831 564 2012 644 plebs
2041 582 2284 625 morem
2314 562 2637 644 figurandi
2668 582 2848 625 ceras

594 668 1005 749 fingendique
1034 674 1314 731 seruant.
1347 669 1461 732 sed
1489 689 1713 731 omnes
1742 670 1878 732 faui
1906 688 2157 749 semper
2184 689 2526 732 caueatum
2557 670 2751 732 tectis
2777 677 2843 731 et

595 776 929 855 paululum
976 775 1062 837 ab
1107 776 1416 838 lateribus
1462 776 1884 838 adhaerentes
1931 777 2315 856 dependent,
2364 777 2461 838 ita
2505 795 2587 837 ne
2635 778 2846 838 solum
2866 795 2899 844 5

533 874 575 934 8
595 881 994 961 contingant,
1021 882 1327 962 quoniam
1348 882 1419 944 id
1442 884 1707 963 praebet
1733 882 2136 944 examinibus
2159 883 2298 945 iter.
2326 890 2610 945 ceterum
2637 883 2848 962 figura

595 1007 884 1051 cerarum
918 988 1067 1051 talis
1100 996 1201 1051 est
1234 989 1441 1069 qualis
1474 994 1541 1051 et
1577 988 1839 1051 habitus
1874 989 2197 1051 domicilii.
2234 1008 2387 1050 nam
2421 995 2487 1050 et
2524 989 2850 1068 quadrata

595 1101 661 1156 et
694 1094 978 1156 rutunda
1009 1095 1221 1175 spatia
1252 1114 1369 1157 nec
1400 1094 1613 1156 minus
1645 1096 1836 1175 longa
1866 1115 2052 1157 suam
2082 1096 2356 1176 speciem
2387 1095 2568 1157 uelut
2601 1096 2849 1156 formae

596 1201 917 1281 quaedam
952 1202 1119 1264 fauis
1153 1202 1484 1282 praebent.
1522 1202 1795 1282 ideoque
1830 1222 1960 1264 non
1996 1220 2247 1282 semper
2279 1202 2566 1264 eiusdem
2601 1201 2849 1281 figurae

596 1308 999 1387 reperiuntur
1022 1307 1176 1371 faui.
1204 1308 1318 1370 sed
1342 1308 1412 1369 hi
1436 1309 1934 1388 qualescumque
1959 1316 2132 1380 sunt,
2158 1327 2289 1370 non
2314 1328 2537 1370 omnes
2560 1308 2850 1369 eximan-
2873 1328 2934 1363 10

596 1419 723 1476 tur.
757 1434 910 1475 nam
941 1414 1149 1494 priore
1180 1433 1403 1487 messe,
1438 1415 1595 1476 dum
1626 1415 1841 1476 adhuc
1863 1434 2020 1476 rura
2049 1415 2452 1495 pastionibus
2482 1414 2846 1485 abundant,

598 1520 827 1600 quinta
871 1540 1022 1601 pars
1064 1520 1384 1594 fauomm,
1431 1522 1800 1601 posteriore,
1848 1540 1997 1583 cum
2040 1521 2173 1583 iam
2217 1521 2530 1583 metuitur
2574 1521 2847 1601 hiempS,

538 1637 579 1699 9
599 1626 793 1689 tertia
843 1627 1261 1707 relinquenda
1311 1632 1429 1690 ast.
1484 1633 1684 1708 atque
1734 1627 1840 1689 hic
1890 1633 2110 1689 tamen
2163 1628 2395 1690 modus
2444 1647 2576 1688 non
2628 1635 2729 1689 est
2781 1627 2851 1687 in

598 1733 897 1795 omnibus
925 1733 1288 1813 regionibus
1316 1740 1548 1806 eertuS,
1583 1733 1891 1814 quoniam
1921 1753 2038 1814 pro
2068 1734 2485 1796 multitudine
2515 1733 2754 1795 florum
2783 1740 2850 1795 et

597 1840 895 1902 ubertate
921 1839 1145 1920 pabuli
1174 1840 1406 1920 apibus
1434 1840 1896 1903 consulendum
1924 1847 2041 1903 est.
2874 1859 2934 1908 1⁵

679 1946 775 2008 Ac
812 1946 867 2008 si
904 1966 1084 2008 cerae
1123 1947 1556 2026 dependentes
1589 1946 1660 2008 in
1698 1947 2164 2027 longitudinem
2202 1947 2572 2018 decurrunt,
2611 1965 2690 2007 eo
2729 1945 2851 2007 fer-

596 2059 891 2114 ramento
949 2053 1125 2133 quod
1182 2053 1386 2115 simile
1442 2060 1541 2115 est
1595 2054 1803 2116 cultro
1847 2053 2175 2115 insecandi
2217 2058 2369 2115 sunt
2416 2052 2573 2125 faui,
2619 2051 2854 2113 deinde

596 2158 902 2221 subiectis
947 2159 1200 2221 duobus
1244 2159 1520 2222 brachiis
1564 2159 1922 2240 excipiendi
1966 2167 2166 2239 atque
2208 2160 2304 2221 ita
2347 2159 2702 2239 promendi.
2752 2158 2850 2219 sin

599 2272 820 2327 autem
848 2266 1197 2329 transuersi
1224 2265 1413 2328 tectis
1439 2285 1784 2328 cauearum
1809 2266 2165 2339 inhaerent,
2196 2273 2353 2328 tunc
2379 2266 2702 2346 scalprato
2731 2265 2853 2325 fer-

675 2460 811 2496 1-10
842 2447 923 2509 cfr
952 2448 1103 2498 Ptin.
1136 2452 1248 2497 nat.
1283 2460 1368 2505 rt,
1393 2460 1464 2510 23
1709 2461 1878 2510 10-13
1910 2447 2125 2497 Pallad.
2158 2461 2209 2512 7,
2233 2460 2282 2510 7,
2303 2461 2366 2504 2:
2397 2447 2478 2509 cfr
2517 2447 2685 2496 Varro
2716 2451 2848 2498 rust.

596 2550 652 2600 3,
673 2536 761 2594 16,
780 2548 990 2599 33—34:
1038 2536 1188 2586 Ptin.
1235 2542 1346 2587 nat.
1380 2550 1467 2595 rt,
1486 2548 1589 2598 35:
1638 2536 1804 2603 Geop.
1842 2548 1926 2599 15.
1948 2547 2001 2598 5,
2029 2548 2063 2599 4
2307 2550 2476 2599 10-13
2508 2536 2591 2598 etr
2626 2536 2849 2586 aristot.

599 2626 724 2677 hist.
759 2626 929 2676 anim.
964 2639 1016 2689 9,
1050 2638 1138 2688 4⁰·
1161 2625 1263 2688 627
1285 2641 1320 2674 a
1541 2639 1764 2689 17-115:
1787 2642 1819 2690 4
1850 2626 1936 2688 cfr
1966 2626 2129 2692 Geop.
2163 2637 2249 2688 15,
2272 2639 2323 2689 4,
2344 2626 2379 2676 8

676 2782 700 2817 1
737 2771 992 2833 potestas
1021 2783 1124 2818 om.
1155 2762 1228 2816 A¹
1444 2768 1514 2831 si]
1548 2781 1609 2817 se
1637 2767 1745 2819 81²
1961 2781 1996 2817 2
2025 2771 2157 2817 sunt
2188 2772 2311 2833 post
2336 2768 2601 2818 examina
2630 2762 2651 2823 i

597 2858 844 2922 quoque]
878 2871 1120 2921 quorum
1149 2851 1372 2925 od²qnx²
1403 2870 1757 2922 quorumque
1784 2863 1822 2913 ς
2000 2870 2278 2921 pauorum
2305 2851 2392 2907 SA
2569 2857 2860 2906 inuenitur

600 2945 728 3016 qnx¹
948 2958 979 3007 3
1010 2946 1262 2995 incordia
1308 2940 1395 2996 SA
1610 2959 1776 2996 suum
1820 2941 1873 2995 R
1920 2949 2053 2995 sunt
2082 2940 2169 2996 SA
2382 2960 2415 3008 4
2447 2949 2638 2995 seruat
2665 2939 2718 2993 R
2754 2945 2859 3007 (cfr

597 3036 653 3093 8,
673 3035 725 3093 8,
746 3046 811 3096 3,·
842 3034 1139 3085 Kottmann
1171 3041 1228 3100 p.
1260 3033 1349 3098 14)
1534 3048 1565 3098 5
1598 3035 1832 3099 paulum
1858 3043 1941 3084 τω
1972 3035 2246 3099 pabulum
2272 3028 2445 3104 Ιαὶγί
2652 3035 2688 3083 6
2717 3047 2858 3098 quo·

602 3126 757 3174 niam
782 3161 794 3173 .
825 3160 837 3173 .
867 3161 879 3173 .
912 3123 1095 3188 figura
1126 3138 1229 3173 om.
1260 3117 1333 3171 A¹
1530 3124 1803 3188 quoniam
1831 3117 1948 3180 uo
1976 3137 2109 3173 cum
2138 3123 2226 3173 uel
2253 3137 2428 3188 quom
2455 3118 2508 3172 R
2537 3136 2708 3188 quem
2738 3108 2856 3192 'ss

598 3214 753 3278 quod
785 3220 816 3261 ο
1031 3213 1088 3262 id
1135 3207 1223 3262 SR·
1269 3213 1360 3262 hic
1402 3205 1454 3259 A
1672 3226 1702 3275 7
1733 3213 1999 3277 quadrati
2028 3206 2080 3260 A
2295 3211 2328 3260 8
2359 3216 2418 3261 et
2468 3227 2574 3264 om.
2607 3220 2643 3269 n

602 3302 848 3351 rotunda
875 3294 1036 3353 &AB
1065 3316 1170 3351 om.
1205 3311 1240 3360 n
1419 3302 1604 3366 spatio
1632 3295 1684 3349 A
1898 3315 1934 3361 9
1963 3315 2077 3351 non
2107 3305 2227 3366 post
2256 3315 2475 3366 semper
2502 3296 2857 3371 οᾱιιωῑῦφιῑ

601 3406 706 3442 om.
737 3389 794 3447 αἱ
975 3391 1095 3440 eius
1123 3404 1294 3455 quem
1322 3384 1409 3440 SA
1577 3425 1580 3430 -
1609 3404 1674 3439 10
1705 3391 2000 3454 periuntur
2027 3384 2114 3440 SA
2292 3389 2442 3440 fanis
2468 3385 2555 3441 SA
2583 3406 2690 3441 om.
2724 3389 2857 3460 903²

816 3480 856 3528 ii
884 3474 981 3537 utu
1173 3480 1289 3528 sint
1318 3474 1420 3529 AB
1616 3494 1675 3529 11
1712 3480 1893 3544 priore
1922 3493 2042 3529 esse
2070 3474 2106 3529 8
2284 3479 2543 3529 abundat
2569 3485 2675 3535 ιω

609 3582 671 3618 12
708 3572 999 3617 metuntur
1027 3562 1079 3616 A
1114 3569 1427 3618 metiuntur
1452 3564 1580 3618 nath
1611 3572 1894 3617 metuetur
1924 3577 1997 3637 qn
2029 3571 2272 3617 metetur
2299 3567 2413 3618 oex²
2638 3568 2862 3633 hiemps

600 3651 722 3708 m
770 3657 949 3707 hiems
994 3658 1084 3708 uel
1131 3658 1329 3721 hyems
1356 3652 1409 3706 R.
1450 3658 1639 3706 hieme
1667 3652 1765 3707 Δι’
1794 3657 1996 3722 hyeme
2024 3652 2065 3705 k
2282 3670 2346 3719 13
2377 3659 2592 3719 tamen]
2628 3662 2862 3708 tantum

604 3753 789 3815 αφω
820 3751 947 3796 tum
975 3741 1184 3816 oeqnx¹t
1382 3760 1445 3808 15
1478 3747 1671 3811 pabuli
1703 3761 1806 3796 om.
1838 3755 1867 3795 ι·

683 3838 747 3884 16
777 3839 1069 3886 recurrunt
1099 3831 1124 3885 t
1257 3850 1325 3886 ea
1352 3833 1572 3904 ssoeqnx²
1712 3849 1775 3898 17
1806 3839 1894 3884 est
1924 3836 2104 3885 simile
2133 3830 2183 3885 B
2204 3836 2381 3885 etiam
2402 3836 2580 3886 simile
2602 3843 2656 3884 ω
2679 3836 2862 3886 simile

603 3920 823 3994 annx¹
1008 3925 1071 3973 18
1106 3925 1370 3974 subiectis
1401 3939 1501 3975 om.
1536 3932 1568 3973 ο
1732 3924 1973 3974 brachiis
2002 3925 2226 3975 duobus
2252 3918 2304 3972 A
2467 3925 2789 3987 excipiandi
2811 3920 2863 3974 A

605 4014 919 4078 excipiendi
954 4017 1086 4063 sunt
1119 3998 1183 4082 ψ
1363 4014 1448 4063 ita
1477 4029 1581 4064 om.
1615 4022 1646 4063 ο
1825 4014 2112 4078 premendi
2140 4007 2300 4062 ah⁸k⁸
2332 4013 2601 4077 prehendi
2632 4009 2694 4062 kl

613 4116 678 4163 19
710 4106 1024 4153 transuerse
1055 4098 1149 4150 01²
1182 4106 1502 4153 transuersa
1529 4111 1568 4159 y
1744 4103 2023 4166 scalpatro
2053 4098 2152 4152 ouh
2180 4103 2434 4167 scalpato
2462 4111 2522 4151 m
2551 4103 2774 4168 scalpro
2794 4099 2864 4152 fir
