3109 5559
1409 268 1530 335 Rei
1560 268 1839 335 rusticae
1867 267 1982 335 lib.
2017 269 2115 334 IV
2142 290 2200 335 c.
2233 269 2444 355 24-26
2573 289 2653 356 93

116 475 144 523 5
190 467 480 533 quercus
502 459 570 512 et
591 444 793 512 suber
814 466 890 511 ac
912 445 969 511 si
992 467 1125 532 qua
1145 459 1302 512 sunt
1324 444 1563 512 similia
1583 444 1839 512 robora.
1865 445 2136 513 tertium
2157 446 2414 533 optinet
2436 446 2658 513 locum

190 553 524 639 pedamen
550 566 741 631 teres,
771 551 974 638 idque
1000 552 1283 618 maxime
1310 551 1628 639 probatur
1652 574 1734 618 ex
1759 552 2067 640 iunipiro,
2096 566 2243 619 tum
2268 574 2350 618 ex
2376 553 2565 619 lauru
2592 568 2659 621 et

190 680 534 745 cupressu.
574 672 747 724 recte
781 658 981 725 etiam
1013 657 1264 725 faciunt
1297 658 1381 724 ad
1414 680 1563 725 eam
1597 680 1738 725 rem
1770 659 2102 725 siluestres
2134 658 2420 739 sabinae,
2457 673 2657 747 atque

189 779 257 832 et
294 765 528 832 sabuci
566 764 940 850 probabiles
978 787 1105 831 usu
1142 764 1535 831 statuminis.
1579 763 1739 831 haec
1776 786 2140 852 eorumque
2178 765 2416 832 similia
2453 766 2657 854 peda-

194 885 424 941 menta
466 885 618 958 post
659 871 1073 958 putationem
1116 870 1523 937 retractanda
1565 885 1722 938 sunt
1765 885 2113 959 partesque
2156 894 2389 938 eorum
2432 886 2659 960 putres

96 1007 154 1044 10
195 977 609 1046 dedolandae
640 977 1124 1064 acuendaeque,
1216 998 1257 1043 2
1300 991 1498 1064 atque
1530 977 1655 1043 alia
1685 978 2150 1057 conuertenda,
2186 1000 2355 1065 quae
2387 979 2658 1045 sinceri-

191 1099 401 1152 tatem
430 1082 694 1164 habent,
727 1083 850 1149 alia
876 1083 1380 1164 summouenda,
1412 1106 1581 1171 quae
1609 1084 1717 1150 uel
1745 1085 1991 1151 cariosa
2019 1084 2127 1151 uel
2154 1084 2328 1151 iusto
2356 1084 2662 1152 breuiora

192 1205 373 1271 sunt,
428 1213 793 1278 eorumque
842 1191 912 1257 in
961 1191 1179 1257 uicem
1227 1191 1464 1258 idonea
1513 1190 1911 1278 reponenda,
1964 1191 2241 1258 iacentia
2288 1192 2656 1272 statuenda,

194 1298 525 1365 declinata
557 1298 960 1384 corrigenda.
1000 1296 1155 1384 iugo
1189 1296 1246 1363 si
1281 1320 1418 1364 non
1452 1298 1576 1365 erit
1610 1319 1780 1385 opus
1815 1320 2014 1378 nouo,
2052 1311 2339 1365 sarturae
2376 1298 2661 1365 recentia

192 1404 466 1471 uincula
498 1404 889 1484 inserantur;
926 1404 981 1470 si
1017 1403 1501 1470 restituendum
1533 1403 1890 1484 uidebitur,
1929 1419 2284 1491 antequam
2318 1403 2474 1470 uitis
2509 1404 2659 1491 palo

96 1540 115 1575 ι
122 1539 150 1587 5
193 1511 584 1597 adplicetur,
633 1510 899 1597 perticis
944 1510 1052 1577 uel
1098 1509 1581 1578 harundinibus
1625 1524 2005 1577 conectatur
2049 1532 2124 1576 ac
2168 1525 2315 1577 tum
2362 1510 2656 1590 demum,

194 1618 368 1684 sicut
411 1617 481 1683 in
521 1617 783 1684 nouella
822 1617 1295 1702 praecepimus,
1340 1617 1547 1684 uitem
1588 1616 1769 1683 iuxta
1808 1631 2007 1703 caput
2047 1616 2349 1704 infraque
2392 1616 2661 1684 brachia

194 1724 608 1810 conligemus
644 1723 874 1807 [uitem
905 1723 1085 1789 iuxta
1114 1727 1338 1808 caput]
1372 1745 1528 1790 cum
1560 1722 1781 1790 ridica.
1816 1723 2019 1810 idque
2050 1723 2263 1790 facere
2294 1746 2430 1790 non
2461 1745 2659 1810 opor-

194 1831 363 1898 tebit
402 1830 714 1897 omnibus
752 1830 941 1896 annis
977 1830 1214 1896 eodem
1251 1830 1417 1910 loco,
1458 1852 1542 1896 ne
1580 1830 1925 1896 uinculum
1963 1830 2209 1896 incidat
2244 1844 2311 1897 et
2346 1844 2660 1897 truncum

16 2016 19 2035 f
196 1937 582 2024 strangulet.

97 2070 158 2109 ιο
275 2064 328 2126 3
368 2042 643 2109 Brachia
681 2042 920 2110 deinde
958 2042 1086 2109 sub
1125 2042 1310 2109 stella
1347 2043 1824 2130 quadripertito
1862 2042 2226 2110 locabimus
2262 2057 2657 2130 tenerosque

16 2162 17 2175 ¹
198 2149 504 2237 palmites
536 2171 735 2236 super
766 2150 998 2236 iugum
1031 2148 1401 2235 ligabimus,
1437 2148 1602 2215 nihil
1635 2163 2074 2237 repugnantes
2107 2162 2397 2229 naturae,
2433 2149 2551 2215 sed
2585 2163 2660 2216 ut

199 2256 485 2343 quisque
516 2255 939 2343 obsequetur,
975 2255 1207 2322 leuiter
1239 2255 1642 2336 curuabitur,
1678 2277 1762 2321 ne
1795 2255 2088 2322 deflexus
2119 2254 2457 2341 frangatur
2489 2277 2659 2321 neue

199 2362 331 2428 iam
368 2375 702 2429 tumentes
738 2383 1037 2449 gemmae
1076 2361 1553 2448 detergeantur.
1597 2375 1794 2449 atque
1832 2362 1950 2429 ubi
1988 2362 2157 2429 duae
2195 2361 2502 2429 materiae
2542 2384 2660 2450 per

16 2500 23 2611 ι
198 2490 404 2535 unam
436 2482 692 2556 partem
722 2468 858 2555 iugi
890 2468 1255 2547 mittentur,
1288 2468 1508 2534 media
1537 2468 1787 2554 pertica
1815 2467 2227 2548 interueniat,
2264 2468 2659 2555 diremptae-

16 2624 23 2649 ,
100 2602 156 2651 25
200 2597 329 2662 que
358 2574 616 2661 palmae
644 2596 763 2661 per
790 2575 1097 2661 iugorum
1123 2574 1480 2661 conpluuia
1508 2573 1858 2642 decurrant
1884 2589 1951 2642 et
1979 2575 2163 2642 uelut
2191 2596 2439 2641 mersae
2466 2596 2660 2641 cacu-

18 2676 19 2685 ’
200 2681 497 2748 minibus
525 2681 595 2746 in
623 2695 867 2748 terram
896 2680 1278 2766 despiciant.
1370 2701 1413 2763 4
1454 2680 1525 2747 id
1554 2694 1630 2747 ut
1659 2681 1818 2748 scite
1847 2680 1981 2761 fiat,
2014 2681 2388 2748 meminerit
2416 2681 2661 2767 adliga-

200 2800 323 2868 tor,
371 2809 456 2853 ne
497 2801 801 2874 torqueat
841 2800 1248 2853 sarmentum
1287 2787 1406 2853 sed
1446 2801 1709 2854 tantum
1749 2787 2066 2855 inflexum
2108 2787 2438 2854 deuinciat
2479 2801 2546 2854 et
2586 2801 2662 2854 ut

200 2893 420 2960 omnis
456 2893 747 2973 materia,
788 2915 956 2980 quae
994 2892 1197 2960 modo
1234 2907 1452 2981 potest
1489 2893 1921 2980 praecipitari,
1960 2894 2116 2981 iugo
2153 2907 2657 2980 superponatur,

18 3044 19 3117 1
203 3015 278 3068 ut
320 3000 545 3087 potius
587 3000 810 3066 innixa
850 2999 1134 3086 perticae
1177 3021 1379 3086 quam
1420 3022 1457 3066 e
1499 3000 1770 3066 uinculo
1814 2999 2199 3086 dependeat.
2246 3021 2440 3087 saepe
2482 2999 2662 3066 enim

204 3214 399 3266 gotum
420 3201 508 3255 uel
526 3202 638 3255 sinn.
663 3200 845 3268 Ah‘jo
865 3201 984 3254 olea
1007 3201 1067 3254 in
1089 3211 1271 3254 totum
1292 3200 1359 3254 h*
1382 3212 1575 3266 gotum
1597 3201 1716 3255 incl.
1742 3202 1820 3254 ed.
1826 3212 1910 3267 pr.
1935 3214 2057 3254 tum
2081 3202 2272 3255 retimci
2303 3228 2341 3238 -
2377 3217 2406 3267 5
2428 3218 2660 3266 querrua

203 3291 265 3343 8ι
294 3303 527 3356 quertua
555 3291 630 3343 A¹
665 3317 704 3327 -
736 3291 904 3343 suber
931 3289 1038 3343 812¹
1066 3307 1269 3355 supero
1296 3289 1494 3357 Ah¹bp
1523 3291 1727 3343 subero
1747 3289 1913 3356 isycu
1940 3291 2121 3344 sidero
2152 3306 2221 3342 m
2257 3316 2296 3326 -
2330 3291 2363 3342 6
2393 3291 2659 3355 probatur

204 3380 458 3447 0¹th⁸9
487 3380 753 3445 prodatur
780 3380 924 3433 SAR
958 3406 996 3416 -
1030 3390 1152 3432 tum
1181 3379 1295 3432 SA¹
1326 3397 1479 3432 ·rum
1506 3380 1636 3432 A⁸R
1668 3406 1707 3416 -
1741 3397 1808 3432 ex
1837 3381 1983 3444 (ante
2011 3380 2190 3444 lauru)
2220 3379 2464 3432 salzbur
2490 3390 2544 3432 et
2566 3378 2660 3445 jb¹

205 3470 408 3522 alettra
437 3484 509 3521 m
542 3495 582 3506 -
615 3483 649 3534 7
680 3469 901 3522 sabinae
930 3469 1113 3534 scripsi
1135 3478 1417 3533 praeeunte
1447 3468 1607 3522 Sobel
1629 3479 1686 3534 p.
1721 3482 1789 3533 74
1820 3470 2015 3522 abuius
2046 3469 2086 3522 S
2115 3470 2186 3522 ab
2215 3469 2380 3521 huius
2410 3469 2515 3521 AR
2549 3494 2587 3505 -
2623 3469 2656 3521 8

205 3558 516 3623 probabiles
543 3557 703 3611 Schn.
734 3558 1033 3623 probabilis
1061 3556 1256 3623 sanc
1280 3558 1553 3623 probabili
1580 3557 1625 3611 h
1658 3585 1697 3595 -
1731 3576 1863 3611 usus
1889 3559 1943 3610 R
1976 3584 2015 3594 -
2047 3558 2358 3611 statuminis
2385 3557 2425 3610 S
2452 3568 2659 3610 statum

206 3647 263 3700 in
282 3647 370 3700 hia
389 3648 442 3700 A
459 3658 678 3700 tantum
697 3648 756 3700 in
775 3647 860 3700 hia
879 3648 933 3699 R
966 3673 1004 3683 -
1045 3663 1110 3699 10
1130 3648 1514 3712 acuendaeque
1535 3647 1576 3700 S
1595 3664 1735 3712 quae
1755 3645 2028 3712 Ahffiyu
2047 3664 2145 3699 om.
2161 3646 2268 3713 jae
2302 3673 2341 3684 -
2374 3647 2658 3699 ceritatem

206 3735 356 3802 ΒΑΜ
392 3762 432 3773 -
473 3752 536 3790 12
557 3747 864 3801 eoruntque
885 3735 925 3788 S
959 3762 997 3772 -
1031 3736 1153 3788 uice
1172 3736 1277 3788 AR
1309 3763 1347 3773 -
1380 3736 1670 3789 statuenda
1689 3735 1816 3802 8¹11»
1835 3736 2069 3789 atuenda
2088 3734 2339 3801 S¹Amry
2358 3747 2658 3789 statatuen·

208 3825 276 3877 da
297 3825 363 3878 Ιιι
387 3825 649 3878 struenda
671 3824 775 3890 h‘c
795 3824 1069 3878 studenda
1090 3838 1167 3891 pfl
1186 3841 1224 3851 ·
1248 3841 1308 3890 13
1334 3836 1607 3878 sartureae
1629 3825 1722 3878 SA
1742 3851 1781 3861 -
1803 3842 1867 3889 14
1885 3826 2286 3879 restituendum
2309 3825 2352 3877 ό
2370 3826 2661 3878 restituen-

209 3913 335 3967 dam
355 3915 477 3978 (·da
496 3913 599 3979 bc)
619 3914 763 3967 SAR
795 3940 834 3951 -
874 3929 935 3979 ις
958 3914 1320 3966 arundinibus
1340 3914 1380 3966 S
1413 3940 1452 3951 -
1485 3915 1913 3967 connectatur-R
1946 3941 1985 3951 -
2025 3916 2088 3967 16
2110 3915 2362 3979 infraque
2478 3915 2657 3967 uitem

204 4012 285 4066 pr.
329 4002 520 4068 sarm
567 4020 665 4056 om.
702 4001 884 4069 Μλρο
916 4003 1067 4055 iuxta
1100 4013 1265 4067 caput
1299 4020 1397 4055 om.
1433 4004 1487 4055 R
1519 4004 1693 4056 uitem
1726 4004 1876 4056 iuxta
1909 4016 2074 4069 caput
2107 4004 2316 4057 inclusit
2344 4004 2473 4056 ΑΖΔ.
2511 4030 2549 4040 -
2592 4019 2656 4067 ¹9

209 4093 523 4157 stranguilet
546 4092 639 4145 SA
672 4118 710 4128 -
746 4107 815 4146 zo
836 4091 1205 4144 locoeabimus
1228 4091 1342 4144 SA¹
1375 4118 1415 4129 -
1450 4108 1512 4146 21
1540 4093 1639 4145 aed
1662 4091 1880 4159 Shjpyu
1901 4104 1984 4146 est
2006 4093 2059 4145 A
2080 4104 2162 4146 est
2185 4093 2282 4146 sed
2306 4092 2492 4145 Used
2516 4103 2598 4145 eat
2623 4107 2659 4156 9

209 4205 247 4215 -
278 4196 346 4234 22
374 4180 627 4246 quiaquia
656 4180 749 4233 SA
782 4206 821 4216 -
853 4180 1176 4245 obsequitur
1203 4180 1330 4232 Ιιλσ
1361 4207 1400 4217 -
1435 4197 1501 4246 23
1533 4183 1796 4234 tumentis
1826 4181 2010 4248 λῐργο
2043 4208 2083 4219 -
2116 4198 2186 4246 24
2215 4182 2397 4234 media
2425 4182 2479 4233 R
2508 4182 2567 4234 in
2597 4198 2660 4233 ea

211 4267 251 4319 S
273 4286 394 4322 mea
418 4270 471 4322 A
505 4296 544 4306 -
579 4269 992 4334 diremptaeque
1020 4268 1189 4334 mfyc
1215 4270 1589 4334 diremtaeque
1615 4270 1655 4322 S
1681 4270 1968 4335 ditemque
1994 4271 2047 4323 A
2073 4272 2427 4335 direptaeque
2455 4269 2542 4323 hb
2569 4270 2656 4322 di·

212 4370 529 4424 temptuque
551 4357 576 4424 j
607 4359 954 4423 directaeque
981 4372 1016 4424 ρ
1045 4359 1488 4423 diremparteque
1517 4373 1556 4412 a
1591 4385 1630 4396 -
1664 4375 1730 4425 25
1762 4360 2066 4424 compluria
2095 4358 2337 4425 billi-yn
2370 4385 2409 4395 -
2444 4360 2512 4412 26
2542 4370 2657 4411 acte

211 4445 481 4500 S¹soteA
512 4473 553 4484 -
588 4447 1280 4512 27postaedadd.eth20
1312 4474 1351 4484 -
1385 4447 1834 4514 ethlosedSAj
1870 4475 1909 4485 -
1944 4448 2299 4501 28omniSA
2332 4474 2371 4484 -
2404 4448 2661 4500 materiae

212 4533 436 4589 mm
465 4563 505 4574 -
538 4536 754 4589 mundo
776 4536 869 4589 SA
901 4563 939 4573 -
973 4552 1042 4600 29
1066 4536 1302 4601 pendeat
1325 4536 1452 4588 Ιιλσ
1474 4536 1679 4601 pendat
1696 4535 1720 4602 j
1758 4563 1797 4573 -
1832 4553 1901 4600 3ο
1924 4538 2112 4590 notaui
2135 4535 2221 4589 ho
2243 4536 2449 4589 motaui
2474 4536 2514 4589 S
2539 4553 2663 4588 mu-

213 4625 321 4677 tnui
342 4626 395 4678 A
417 4636 556 4691 puto
578 4625 769 4678 notaui
784 4623 809 4690 j
835 4624 1081 4678 innotaui
1104 4624 1148 4677 λ
