3109 5559
437 97 525 185 4⁶
655 97 734 164 L.
770 97 923 162 Iuni
952 95 1287 163 Moderati
1315 96 1724 163 columellae

438 275 692 342 tionem
723 274 1154 341 meridianam
1186 288 1515 353 censente,
1550 274 1842 361 Vergilio
1880 274 2086 359 [dein]
2121 274 2205 341 de
2238 275 2563 342 industria
2593 298 2929 344 occasum

439 382 536 449 sic
565 381 1102 468 repudiante[m]:

613 509 810 554 neue
849 487 1001 554 tibi
1039 487 1135 554 ad
1173 487 1420 554 solem
1458 501 1793 573 uergant
1829 488 2102 554 uineta
2139 488 2573 567 cadentem,

442 594 828 661 Democrito
871 608 939 660 et
984 595 1277 680 Magone
1320 593 1745 660 laudantibus
1787 595 1949 661 caeli
1993 594 2255 681 plagam
2297 596 2921 682 septentrionalem,

323 730 397 781 ⁴0
441 701 597 788 quia
635 700 1010 768 existiment
1049 701 1112 767 ei
1152 700 1480 767 subiectas
1520 700 1953 767 feracissimas
1992 700 2135 766 fieri
2175 701 2424 781 uineas,
2469 724 2640 788 quae
2680 717 2922 770 tamen

442 807 735 875 bonitate
773 807 916 873 uini
954 821 1366 894 superentur.
1460 810 1504 871 6
1543 807 1739 873 nobis
1777 807 1847 873 in
1884 808 2275 873 uniuersum
2315 809 2693 895 praecipere
2733 811 2922 896 opti-

440 936 630 981 mum
668 914 891 981 uisum
928 928 1047 993 est,
1088 928 1166 980 ut
1204 913 1274 980 in
1312 913 1475 980 locis
1512 913 1770 1000 frigidis
1807 913 2173 980 meridiano
2210 914 2435 981 uineta
2473 915 2919 996 subiciantur,

440 1021 684 1107 tepidis
736 1021 972 1087 orienti
1024 1021 1471 1100 aduertantur,
1527 1021 1586 1086 si
1636 1035 1860 1086 tamen
1911 1042 2049 1086 non
2100 1020 2592 1088 infestabuntur
2638 1023 2920 1089 Austris

439 1127 765 1214 Eurisque
796 1127 981 1193 uelut
1010 1149 1161 1193 orae
1191 1127 1556 1193 maritimae
1587 1126 1657 1192 in
1685 1126 1963 1193 Baetica.
1996 1127 2100 1193 sin
2129 1141 2355 1193 autem
2383 1128 2684 1214 regiones
2712 1151 2918 1215 prae-

326 1263 394 1313 ⁴⁵
443 1234 637 1300 dictis
674 1233 894 1300 uentis
934 1233 1180 1300 fuerint
1219 1233 1561 1313 obnoxiae,
1605 1233 1843 1299 melius
1875 1233 2195 1319 Aquiloni
2234 1234 2343 1299 uel
2381 1234 2677 1302 Fauonio
2716 1257 2913 1301 com·

441 1340 807 1420 mittentur,
848 1362 1004 1406 nam
1039 1339 1454 1407 feruentibus
1488 1339 1871 1427 prouinciis,
1909 1353 1987 1406 ut
2016 1342 2321 1427 Aegypto
2356 1354 2424 1406 et
2461 1341 2913 1426 Numidia[e],

441 1447 558 1514 uni
588 1447 1020 1533 septentrioni
1052 1447 1292 1513 rectius
1322 1452 1852 1534 oppone<n>tur.

528 1553 793 1629 Quibus
821 1553 1134 1620 omnibus
1164 1553 1510 1641 diligenter
1537 1553 1890 1640 exploratis
1917 1567 2065 1620 tum
2093 1554 2369 1620 demum
2397 1555 2918 1640 pastinationem

444 1682 900 1747 suscipiemus.

306 1868 397 1946 13
530 1879 571 1920 r
612 1856 771 1923 Eius
821 1871 1043 1924 autem
1096 1855 1260 1922 ratio
1312 1878 1468 1922 cum
1521 1855 1733 1922 Italici
1782 1856 2040 1941 generis
2091 1855 2333 1922 futuris
2383 1856 2706 1943 agricolis,
2760 1870 2915 1923 tum

441 1962 640 2030 etiam
665 1962 1183 2050 prouincialibus
1207 1962 1527 2030 tradenda
1550 1976 1671 2041 est,
1701 1962 2018 2049 quoniam
2043 1962 2113 2029 in
2139 1962 2520 2051 longinquis
2545 1977 2612 2030 et
2636 1962 2916 2029 remotis

441 2069 577 2137 fere
632 2069 1011 2156 regionibus
1063 2069 1243 2137 istud
1295 2091 1506 2157 genus
1559 2069 1863 2135 uertendi
1914 2083 1982 2135 et
2034 2068 2387 2155 subigendi
2439 2069 2578 2156 agri
2630 2069 2912 2136 minime

442 2189 818 2262 usurpatur,
871 2175 988 2242 sed
1037 2190 1149 2242 aut
1188 2175 1534 2242 scrobibus
1573 2188 1688 2242 aut
1727 2174 1927 2241 sulcis
1966 2175 2360 2262 plerumque
2399 2175 2634 2242 uineae
2675 2197 2912 2242 conse-

367 2311 396 2361 5
443 2296 699 2349 runtur.

441 2532 557 2599 De
585 2551 931 2599 mensura
959 2530 1309 2598 scrobum

530 2713 570 2759 2
613 2692 975 2759 Scrobibus
1011 2691 1205 2759 uinea
1240 2692 1335 2758 sic
1369 2692 1661 2779 ponitur:
1701 2691 1948 2778 quibus
1983 2705 2206 2758 autem
2241 2714 2389 2758 mos
2424 2705 2524 2758 est
2560 2691 2908 2758 scrobibus

443 2800 794 2887 deponere,
826 2800 964 2866 fere
993 2821 1111 2886 per
1139 2798 1258 2865 tris
1287 2798 1719 2885 longitudinis
1749 2798 1952 2885 pedes
1980 2821 2231 2885 perque
2260 2798 2431 2864 duos
2448 2797 2653 2885 pedes
2672 2796 2906 2864 inalti-

442 2906 745 2973 tudinem
770 2919 1001 2972 cauato
1026 2906 1188 2985 solo,
1217 2918 1543 2992 quantum
1569 2904 1847 2972 latitudo
1870 2904 2250 2971 ferramenti
2276 2904 2542 2991 patitur,
2569 2904 2907 2970 malleolos

334 3042 398 3080 xo
441 3012 777 3100 utrimque
822 3011 1004 3079 iuxta
1047 3013 1248 3079 latera
1290 3012 1620 3078 fossarum
1665 3024 2098 3079 consternunt
2141 3025 2208 3077 et
2253 3010 2548 3078 aduersis
2592 3011 2905 3078 scrobum

518 3222 605 3274 13:
648 3219 786 3271 7-33
829 3205 1032 3259 Colum.
1071 3206 1182 3259 arb.
1222 3218 1339 3269 4,3;
1375 3205 1514 3258 Ptin.
1553 3216 1665 3258 nat.
1708 3205 1898 3269 17,167
1936 3232 1974 3242 -
2008 3218 2148 3270 7-22
2185 3205 2394 3258 Pallad.
2435 3217 2613 3268 2,10‚3
2650 3232 2689 3241 -
2731 3202 2899 3270 14-18

452 3296 622 3350 Varro
646 3304 770 3349 rust.
799 3296 944 3359 r‚8‚5
979 3323 1016 3332 -
1053 3311 1223 3360 22—33
1250 3295 1460 3348 Pallad.
1487 3307 1737 3358 2,ro,1—2
1774 3321 1812 3331 -
1848 3295 2022 3359 38-42
2045 3294 2255 3347 Pallad.
2282 3307 2479 3358 2,ro,r,
2506 3306 2684 3357 2,13,7
2722 3321 2761 3332 -
2795 3309 2901 3358 49-

446 3397 513 3450 57
548 3384 743 3451 Thphr.
773 3384 884 3437 ΗΡ
909 3396 1081 3447 2‚5,2,·
1108 3383 1318 3437 pallad.
1350 3396 1529 3447 2,13‚7
1566 3410 1604 3420 -
1638 3400 1807 3448 49-51
1844 3383 2047 3436 Colum.
2077 3383 2188 3436 arb.
2220 3395 2337 3446 4,3,·
2363 3382 2502 3435 Plin.
2531 3393 2643 3435 nat.
2675 3382 2900 3447 17,168,·

443 3473 859 3537 Pallad.2,13,7
895 3500 933 3510 -
969 3486 1143 3538 54-57
1163 3472 1302 3526 Ptin.
1326 3483 1436 3525 nat.
1462 3473 1621 3536 17,80
1657 3499 1695 3509 -
1730 3472 1906 3537 66-76
1925 3472 2134 3525 Pallad.
2159 3483 2338 3535 a,ro,3

449 3586 606 3595 ——a-

437 3660 530 3717 pp.
585 3663 688 3712 124
739 3667 815 3716 sq.
866 3676 905 3687 -
954 3663 1022 3715 37
1074 3650 1397 3715 repudiante
1439 3648 1653 3717 Yb¹lpc
1699 3650 2082 3714 repudiantem
2114 3648 2258 3701 SAR
2290 3675 2329 3684 -
2365 3665 2434 3712 39
2468 3648 2754 3713 Magnone
2787 3649 2841 3701 A
2870 3672 2906 3683 -

444 3740 602 3806 plaga
637 3740 676 3793 S
710 3766 748 3776 -
783 3755 854 3804 40
888 3739 1004 3791 fieri
1041 3756 1138 3791 om.
1174 3740 1227 3791 A
1260 3766 1299 3776 -
1333 3755 1403 3803 42
1440 3748 1565 3791 ante
1602 3739 1906 3791 meridiano
1944 3738 2068 3790 add.
2111 3755 2141 3789 e
2180 3737 2271 3791 SA
2306 3764 2345 3774 -
2377 3738 2711 3790 meridissno
2733 3738 2903 3791 SA¹·

444 3830 798 3882 subiscentur
835 3828 948 3882 SA¹
983 3854 1022 3865 ·-
1056 3844 1123 3893 43
1166 3828 1366 3880 ortenti
1396 3829 1449 3880 A
1482 3855 1521 3864 -
1555 3828 1955 3881 infestabantur
1987 3827 2062 3879 A¹
2091 3854 2130 3864 -
2151 3843 2224 3891 44
2246 3827 2518 3891 Eurisque
2532 3825 2557 3891 j
2582 3827 2743 3879 Aeris
2766 3841 2904 3892 quse

444 3918 538 3971 SA
572 3918 828 3983 surisque
862 3915 1005 3969 mbr
1032 3917 1287 3980 surisque
1322 3934 1464 3983 quse
1511 3931 1733 3983 mpyc·
1765 3944 1805 3954 -
1838 3917 2031 3981 Vetiga
2070 3916 2185 3968 SA¹
2219 3942 2258 3952 -
2291 3916 2376 3968 tin
2413 3915 2507 3968 SA
2539 3942 2578 3953 -
2612 3915 2904 3981 praedictis

444 4008 625 4061 uenti,
665 4008 717 4058 R
759 4007 1020 4071 praedicti
1060 3988 1209 4079 {sunt
1250 4006 1295 4059 is
1342 4006 1452 4069 (his
1481 4006 1555 4068 A)
1588 4007 1682 4059 sa
1713 4032 1752 4042 -
1784 4022 1852 4070 4⁵
1890 4005 2136 4058 rabonio
2166 4004 2257 4058 SA
2290 4031 2329 4041 -
2363 4004 2743 4058 committetur
2773 4006 2835 4058 s¹
2866 4029 2904 4040 -

442 4098 513 4161 46
546 4096 888 4149 fereuntibus
920 4095 1011 4149 SA
1045 4122 1082 4133 -
1118 4106 1179 4148 ut
1211 4109 1296 4162 γρ
1333 4107 1388 4148 et
1425 4095 1570 4149 SAR
1603 4122 1642 4132 -
1677 4095 1945 4147 Numidis
1982 4108 2026 4161 γ
2065 4094 2363 4146 Numidiae
2385 4093 2529 4146 SAR
2562 4120 2601 4130 -
2634 4109 2707 4158 47
2730 4110 2903 4160 oppo-

444 4198 646 4239 nentur
674 4188 788 4252 ἠγ
810 4195 1124 4249 opponetur
1144 4184 1288 4237 SAR

519 4290 604 4342 13:
648 4271 2064 4339 3i⁸tuts¹-4u⁸urpntusSAhmr⁸py-ets-
2100 4270 2904 4337 6pr.SAhbfyc-7uineta

443 4362 685 4429 hilm·
719 4390 754 4400 -
792 4364 824 4416 8
867 4376 976 4416 tres
1018 4362 1197 4415 ΑΙιλσ
1229 4389 1267 4399 -
1300 4362 1672 4427 longitudines
1714 4360 1841 4428 1¹1¹·
1882 4361 2224 4426 longitudine
2265 4359 2447 4427 λίργς
2480 4387 2519 4397 -
2552 4361 2723 4425 pedes
2762 4361 2905 4425 (post

448 4452 829 4519 longitudinis)
858 4470 957 4506 om.
987 4452 1081 4505 SA
1113 4478 1152 4489 -
1192 4467 1256 4504 ro
1284 4452 1498 4504 aduersi
1527 4451 1619 4505 SA
1653 4477 1692 4488 -
1733 4467 1795 4504 ιι
1823 4451 2030 4515 passim
2055 4451 2159 4503 AR
2192 4476 2231 4487 ·—
2264 4466 2533 4514 coequsm
2561 4450 2655 4503 SA
2686 4476 2725 4487 -—
2759 4465 2899 4515 quse
