3109 5559
1529 311 1822 362 -2-

785 502 893 565 XI.
942 502 1035 566 Ut
1104 523 1227 564 uua
1295 502 1622 564 acinorum
1883 501 2055 562 XXI.
2103 500 2208 561 De
2252 501 2588 563 scrobibus
2636 499 2792 563 saci-

943 602 1499 686 generaconplura
1518 603 1624 664 ha·
2104 601 2303 663 endiS.
2384 601 2535 684 Quo
2581 604 2791 664 modo

948 705 1160 767 beant.
1217 704 1552 786 Agigarta.
2103 703 2347 766 semina
2391 703 2588 784 legas

754 806 890 869 XII.
940 806 1215 869 Vineam
1253 826 1383 887 quo
1425 806 1624 868 modo
1850 803 2051 866 XXII.
2102 801 2381 884 Quando
2461 805 2620 867 ficus
2688 824 2793 866 se·

951 917 1156 989 putes
2108 906 2304 968 renda
2346 908 2445 969 sit.

720 1008 888 1071 XIII.
940 1010 1042 1070 De
1088 1009 1351 1071 fossura.
1827 1007 2059 1069 XXIII.
2106 1007 2212 1068 De
2256 1009 2483 1071 ceteris
2529 1008 2763 1089 pomis

693 1109 892 1172 XIIII.
943 1111 1045 1171 De
1089 1110 1588 1191 pampinatione.
1793 1108 2053 1170 XXIIII.
2104 1108 2206 1170 De
2255 1110 2595 1172 semInario
2640 1106 2794 1171 faci-

755 1211 900 1273 XV.
950 1212 1050 1273 Ne
1100 1211 1327 1293 rubigo
1372 1212 1624 1273 uincam
2106 1210 2294 1272 end0.

947 1322 1161 1375 uexet.
1848 1310 2057 1373 XXV.
2105 1311 2209 1373 De
2270 1311 2581 1375 insitione.
2655 1310 2796 1374 Oli-

718 1413 894 1476 XVI.
944 1414 1045 1475 Ne
1109 1412 1371 1475 formica
1429 1414 1624 1475 uitem
2107 1433 2253 1474 uam
2308 1413 2432 1475 fico
2487 1413 2790 1476 inserere.

946 1516 1271 1577 ascendat.
1819 1513 2058 1575 XXVI.
2108 1514 2210 1575 De
2255 1516 2486 1595 cytiso,

695 1616 899 1678 XVII.
949 1617 1049 1678 Ne
1112 1615 1372 1677 uolucra
1430 1616 1626 1677 uitem
1786 1614 2056 1676 XXVII.
2104 1615 2209 1677 De
2253 1615 2445 1678 salice
2490 1625 2555 1678 et
2598 1636 2798 1696 gene-

951 1716 1180 1779 laedat.
2102 1725 2218 1778 sta.

665 1818 897 1880 XVIII.
948 1809 1054 1880 De
1098 1818 1391 1879 arbustis,
1757 1816 2060 1879 XXVIII.
2110 1818 2212 1879 De
2255 1817 2628 1880 harundine.

634 1918 897 1981 XVIIII.
948 1920 1051 1981 De
1096 1918 1352 1981 olineto,
1730 1917 2062 1980 XXVIIII.
2113 1919 2216 1980 De
2262 1918 2446 1981 uiola.

751 2020 893 2081 XX.
946 2021 1047 2081 De
1077 2022 1367 2102 pomario
1397 2021 1625 2081 consti·
1845 2019 2057 2081 XXX.
2107 2020 2210 2081 De
2256 2042 2418 2083 rosa.

954 2122 1213 2184 tuendo,

775 2336 844 2383 XI
886 2337 951 2384 Ut
989 2352 1085 2384 uua
1124 2336 1221 2393 (De
1257 2353 1353 2383 uua
1387 2336 1490 2392 hm)
1519 2335 1729 2383 acinon-ii
1756 2336 2013 2397 complura
2040 2336 2233 2397 (apim-a
2259 2338 2315 2392 A)
2343 2337 2562 2385 habeant
2586 2337 2803 2407 SAhmp.

572 2420 642 2468 XI
679 2421 745 2468 Ut
792 2437 888 2468 uua
924 2422 1114 2477 aeinor,
1152 2421 1409 2481 complura
1447 2421 1666 2467 habeant
1703 2420 1803 2481 gua
1839 2422 1873 2468 d
1899 2436 1910 2467 :
1936 2435 2127 2481 genera
2155 2426 2279 2483 pos!
2313 2422 2571 2469 acinorum
2609 2421 2809 2469 addidi

571 2504 645 2551 ad
688 2505 844 2552 simil.
891 2520 1006 2567 arg.
1054 2510 1177 2567 post
1219 2504 1298 2552 lib.
1348 2503 1428 2551 X!
1465 2504 1566 2551 ius.
1783 2512 2073 2567 agygaryta
2120 2505 2229 2563 (alt.
2273 2521 2309 2566 y
2347 2511 2533 2568 postea
2568 2504 2710 2554 add.)
2762 2509 2802 2554 S

572 2590 840 2651 agigaryta
891 2591 929 2637 A
973 2605 1076 2637 om.
1123 2589 1284 2657 hdmp.
1505 2589 1641 2635 XIIII
1694 2589 1771 2636 De
1816 2590 2175 2651 pampinatione
2219 2591 2252 2636 S
2301 2590 2376 2637 De
2429 2591 2800 2651 pampinatione

572 2674 637 2729 (m
692 2674 745 2719 in
802 2689 832 2719 n
879 2678 1061 2735 postea
1116 2678 1267 2729 mut.)
1314 2674 1352 2720 A
1579 2672 1678 2719 XV
1714 2673 1973 2734 Derobigo
2010 2674 2080 2728 (in
2119 2674 2194 2720 Ne
2230 2674 2410 2734 rubigo
2447 2679 2575 2722 mut.
2613 2670 2711 2731 Μ’)
2755 2677 2800 2723 Δ

774 2756 914 2803 XVII
968 2757 1043 2803 Ne
1088 2756 1291 2803 uolnera
1337 2754 1439 2803 uite
1482 2757 1653 2804 ledant
1687 2759 1721 2804 S
1758 2754 1858 2814 (ηε2
1895 2759 1949 2804 in
1986 2758 2040 2811 (Ι)
2079 2757 2219 2804 XVII
2258 2758 2334 2804 Ne
2370 2759 2602 2806 uolucres
2637 2759 2802 2807 uitem

571 2842 772 2900 laedant
827 2840 1032 2898 (ledant)
1089 2840 1290 2908 Abdmp.
1519 2841 1663 2888 XXII
1719 2842 1937 2900 Quando
1990 2842 2117 2889 ficus
2171 2843 2361 2889 erenda
2415 2844 2479 2889 sit
2532 2844 2572 2890 A

570 2927 771 2986 cythiso
807 2926 840 2972 b
