3109 5559
883 226 997 272 REI
1030 226 1353 272 RVSTICAE
1383 226 1515 272 Lm.
1548 226 1673 272 VIII
1706 226 1764 272 C.
1802 227 1876 272 11
2418 227 2501 290 43

245 388 602 461 transferri,
642 395 708 451 et
744 387 1015 451 subinde
1052 387 1165 468 qui
1200 388 1341 451 nati
1376 387 1620 450 fuerint·
1652 387 1959 469 pauonini
1995 388 2080 450 ad
2117 407 2315 450 unam
2352 408 2501 451 con-

243 496 515 575 gregari,
548 495 749 558 donec
778 495 1061 575 quinque
1090 501 1156 557 et
1184 494 1416 575 uiginti
1443 494 1734 575 capitum
1762 514 1916 575 grex
1944 494 2284 557 efficiatur.

333 602 458 664 Sed
498 621 645 664 cum
686 608 873 664 erunt
913 601 1073 663 editi
1111 601 1288 682 pulli,
1330 600 1622 663 similiter
1658 607 1734 663 ut
1774 600 2106 682 gallinacei
2145 601 2359 682 primo
2399 601 2501 663 die
2523 611 2600 673 14

248 728 382 770 non
422 714 824 780 moueantur,
868 714 1125 788 postero
1166 707 1393 770 deinde
1434 727 1583 769 cum
1624 707 1985 770 educatrice
2027 707 2498 770 transferantur

177 832 222 882 5
248 815 320 876 in
355 833 640 876 caueam.
678 814 1025 895 primisque
1078 814 1304 876 diebus
1338 815 1597 877 alantur
1629 814 1983 876 hordeaceo
2019 814 2184 876 farre
2219 814 2373 876 uino
2407 832 2502 875 re-

246 940 488 1000 spers0,
529 940 648 982 nec
686 920 899 983 minus
937 940 1019 982 ex
1059 921 1347 1001 quolibet
1389 921 1713 983 frumento
1752 927 1939 983 cocta
1967 921 2280 1002 pulticula
2309 926 2375 982 et
2407 939 2502 981 re-

247 1027 573 1107 frigerata.
620 1034 767 1107 post
812 1046 1052 1108 paucos
1095 1027 1324 1089 deinde
1369 1027 1505 1089 diae
1547 1027 1697 1090 huic
1741 1028 1885 1089 cibo
1929 1026 2335 1090 adiciendum
2379 1026 2499 1089 erit

247 1133 577 1196 concisum
609 1153 870 1214 porrum
903 1134 1322 1196 Tarentinum
1355 1140 1421 1196 et
1455 1153 1677 1196 caseus
1708 1134 1918 1196 mollis
1948 1134 2362 1196 uehementer
2392 1152 2501 1195 ex-

247 1259 522 1321 pressuS.
583 1260 737 1302 nam
786 1260 998 1302 serum
1048 1259 1274 1302 nocere
1325 1239 1516 1321 pullis
1566 1240 1980 1302 manifestum
2031 1247 2148 1302 est.
2211 1240 2499 1302 lucustae
2522 1245 2596 1309 15

134 1366 224 1402 10
246 1366 505 1427 quoque
577 1347 848 1427 pedibus
919 1347 1240 1427 ademptis
1311 1347 1501 1409 utiles
1570 1346 1859 1409 cibandis
1913 1346 2103 1427 pullis
2155 1347 2497 1408 habentur.

246 1459 447 1533 atque
490 1453 590 1515 his
632 1454 807 1533 pasci
838 1453 1075 1515 debent
1108 1472 1310 1533 usque
1341 1453 1427 1515 ad
1457 1460 1715 1515 sextum
1746 1471 2050 1525 mensem,
2083 1452 2498 1532 postmodum

245 1560 407 1623 satis
462 1566 560 1622 est
614 1559 926 1622 hordeum
982 1560 1063 1621 de
1119 1578 1316 1622 manu
1372 1560 1696 1640 praebere.
1754 1565 2025 1639 possunt
2081 1565 2302 1621 autem
2350 1566 2497 1639 post

245 1666 551 1747 quintum
592 1673 658 1729 et
699 1666 1137 1746 tricensimum
1175 1665 1345 1728 diem
1383 1685 1582 1745 quam
1607 1666 1748 1728 nati
1771 1671 1922 1727 sunt
1946 1665 2146 1727 etiam
2176 1666 2242 1726 in
2275 1685 2499 1746 agmm

246 1773 408 1836 satis
440 1779 588 1835 tuto
633 1773 838 1844 educi,
886 1773 1301 1852 sequiturque
1333 1791 1487 1853 grex
1517 1772 1699 1835 uelut
1732 1779 2007 1833 matrem
2038 1772 2343 1853 gallinam
2371 1771 2499 1835 sin-

138 1898 221 1947 15
243 1879 649 1960 gultientem.
689 1898 767 1941 ea
795 1897 994 1941 cauea
1022 1878 1241 1941 clausa
1270 1878 1473 1940 fertur
1500 1878 1567 1939 in
1596 1897 1823 1958 agrum
1852 1898 1892 1940 a
1921 1885 2177 1959 pastore
2207 1885 2273 1941 et
2307 1878 2501 1940 missa

244 1987 446 2065 ligato
478 1985 640 2065 pede
672 1985 862 2065 longa
894 1986 1061 2047 linea
1092 1985 1474 2057 custoditur,
1499 1985 1587 2047 ad
1608 2004 1808 2065 quam
1830 1985 2295 2047 circumuolant
2319 1985 2497 2065 pulli;

244 2092 361 2173 qui
390 2111 538 2154 cum
570 2092 656 2154 ad
684 2092 1061 2154 satietatem
1091 2091 1263 2172 pasti
1291 2099 1465 2163 sunt,
1498 2091 1894 2154 reducuntur
1923 2091 1990 2153 in
2020 2091 2261 2164 uillam,
2291 2110 2500 2171 perse-

244 2205 538 2279 quentes,
570 2204 645 2261 ut
674 2198 830 2271 dixi,
861 2198 1127 2261 nutricis
1154 2198 1491 2278 singultus,

330 2305 502 2368 Satis
528 2313 750 2368 autem
775 2305 1076 2367 conuenit
1103 2305 1272 2366 inter
1296 2312 1591 2367 auctores
1616 2323 1746 2366 non
1774 2304 2002 2366 debere
2029 2304 2187 2366 alias
2210 2305 2498 2385 gallinas,
2523 2297 2599 2359 16

136 2431 224 2468 20
245 2431 415 2492 quae
445 2413 653 2492 pullos
682 2411 781 2474 sui
813 2412 1058 2492 generis
1086 2411 1386 2483 educant,
1419 2411 1485 2472 in
1515 2411 1742 2473 eodem
1770 2410 1911 2472 loco
1940 2411 2136 2490 pasci.
2169 2430 2322 2472 nam
2351 2430 2499 2473 cum

320 2625 461 2673 5-10
493 2612 706 2663 Panna.
741 2614 901 2671 1,28‚
924 2625 987 2674 5:
1017 2613 1178 2677 ceap.
1214 2614 1466 2676 14,18,8
1689 2593 1860 2661 1‘1-18
1892 2612 2106 2663 Ραιιαα.
2142 2612 2357 2671 1,28,6

321 2821 351 2869 3
384 2822 513 2858 cum
562 2824 664 2859 om.
698 2802 784 2858 SA
996 2809 1150 2873 pullo
1180 2802 1254 2858 A²
1470 2823 1503 2872 4
1533 2812 1762 2873 postera
1804 2804 1856 2859 Β
1885 2808 2087 2875 aliquot
2300 2809 2501 2859 deinde

239 2891 534 2966 8&th
582 2897 673 2947 die
702 2892 754 2947 Β
782 2888 986 2948 deinde
1016 2898 1107 2947 die
1136 2907 1168 2946 Ι
1198 2898 1289 2947 die
1320 2897 1524 2947 deinde
1553 2894 1591 2948 ί
1625 2898 1699 2960 (u.
1732 2898 1861 2949 Hss.
1897 2904 1952 2963 p.
1988 2898 2077 2961 98)
2297 2898 2501 2947 deinde

240 3001 377 3037 cum
407 2987 747 3048 educatrice]
781 2987 1129 3037 diducatrice
1146 2981 1223 3035 ·h²
1399 2987 1718 3036 educatices
1748 2980 1834 3036 SA
2011 2986 2429 3037 transferuntur
2451 2980 2502 3036 A

241 3074 663 3126 transferentur
711 3070 747 3125 Β
794 3074 1138 3126 transfertur
1168 3084 1200 3125 ο
1415 3089 1446 3137 5
1477 3089 1653 3125 cauea
1681 3068 1732 3124 A
1945 3076 2271 3141 primisque]
2297 3076 2502 3139 ¹primis

242 3163 377 3234 91111
540 3165 816 3214 ordeaceo
844 3159 896 3214 Β
925 3165 1161 3230 plerique
1325 3177 1548 3228 respero
1579 3158 1615 3213 Β
1779 3166 1815 3213 6
1842 3168 2003 3215 cotta
2033 3159 2069 3214 Β
2234 3179 2266 3227 7
2298 3164 2501 3214 deinde

242 3253 366 3303 dies
394 3248 446 3303 Β
474 3253 592 3302 dies
632 3252 837 3302 deinde
868 3246 954 3302 SA
981 3253 1183 3302 deinde
1213 3262 1249 3310 y
1276 3254 1395 3303 dies
1424 3261 1460 3310 p
1677 3252 1806 3302 huic
1836 3248 1888 3303 Β
1916 3252 2006 3303 hic
2038 3248 2074 3303 Β
2102 3253 2208 3303 hoc
2238 3247 2289 3303 A

242 3342 682 3406 adi(i)ciundum
721 3337 773 3392 Β
820 3342 1022 3407 aliquot
1236 3342 1270 3390 8
1299 3342 1615 3391 concissum
1658 3337 1710 3392 Β
1753 3342 1955 3407 aliquot
1998 3343 2339 3392 conscissum
2370 3342 2500 3411 qnx¹

460 3432 710 3496 porrum]
757 3431 971 3494 pirrum
998 3440 1051 3479 w
1079 3444 1288 3495 penum
1318 3430 1449 3499 qnx¹
1665 3430 1953 3480 hementer
1983 3425 2043 3480 8¹
2256 3446 2291 3491 9
2323 3433 2499 3481 mani-

244 3521 457 3569 festum
485 3557 497 3569 .
527 3557 539 3569 .
566 3558 581 3569 .
614 3520 783 3584 pullis
814 3535 916 3569 om.
950 3514 1011 3568 h¹
1423 3520 1674 3570 locustae
1703 3515 1755 3570 Β
1784 3520 1987 3586 aliquot
2170 3533 2233 3569 12
2265 3521 2499 3570 ordeum

242 3604 299 3658 Β
328 3609 528 3674 aliquot
741 3613 977 3673 passunt
1007 3602 1058 3658 A
1272 3613 1465 3658 autem
1495 3610 1760 3673 quintum
1790 3614 1922 3674 post
1955 3607 2086 3677 qnx¹
2306 3623 2369 3671 13
2401 3610 2500 3659 tri-

243 3698 556 3749 censimum
587 3691 681 3747 8⁸!
710 3698 1055 3749 tricesimum
1078 3691 1129 3747 A
1157 3698 1580 3760 trices(s)imum
1603 3698 1694 3748 uel
1713 3699 2062 3763 trigesimum
2084 3693 2136 3748 Β
2362 3701 2501 3762 agrt’i

243 3781 283 3837 8
313 3800 447 3850 agro
492 3781 544 3836 Β
590 3786 737 3850 agris
769 3780 820 3836 A
1040 3801 1104 3850 14
1135 3788 1277 3836 satis
1308 3803 1409 3836 om.
1456 3781 1507 3834 A
1692 3801 1753 3849 15
1786 3802 1853 3837 ea
1881 3782 1933 3837 Β
1963 3801 2034 3835 ex
2064 3780 2150 3836 SA
2327 3801 2501 3837 cauea

245 3876 437 3927 clausa
466 3870 518 3925 Β
547 3876 738 3926 clausa
767 3889 941 3926 cauea
971 3870 1007 3924 d
1035 3889 1263 3926 causam
1293 3890 1577 3939 causaque
1607 3869 1693 3925 SA
1885 3880 1942 3924 et
1975 3892 2076 3925 om.
2110 3871 2260 3946 οᾱιιγ
2296 3875 2419 3938 (exc.
2454 3871 2495 3939 t)

469 3966 535 4013 16
562 3964 710 4014 linea
753 3958 872 4021 SA»
921 3965 1069 4014 linea
1117 3965 1322 4028 gallina
1350 3960 1402 4015 Β
1611 3965 1949 4015 custodituri
1971 3959 2022 4012 A
2230 3966 2302 4015 ad
2327 3979 2500 4029 quam

244 4048 301 4102 Β
328 4067 537 4116 aquam
566 4046 671 4103 sAl
855 4067 917 4115 17
950 4054 1278 4104 sacietatem
1308 4047 1344 4102 Β
1373 4059 1421 4103 et
1449 4049 1501 4104 Β
1531 4053 1735 4119 aliquot
1916 4054 1981 4102 18
2012 4054 2215 4117 singuli
2245 4048 2331 4104 SA

326 4155 390 4201 19
420 4142 546 4192 aliis
575 4135 661 4191 SA
874 4142 1107 4206 gallinas
1138 4159 1239 4193 om.
1272 4150 1305 4192 ο
1521 4156 1590 4190 20
1621 4142 1756 4194 fasci
1787 4136 1873 4192 SA
