3109 5559
1434 258 1535 300 REI
1583 255 1890 300 RVSTICAE
1937 258 2048 300 LIB.
2101 258 2162 300 x1

722 414 1045 491 obruatur;
1114 429 1266 497 post
1330 417 1441 477 ubi
1502 418 1750 497 ceperit
1809 416 2074 496 aliquod
2135 418 2544 479 incremento¹

721 535 1070 603 aggeretur.
1168 543 1318 584 nam
1383 524 1437 585 si
1502 543 1701 603 super
1766 536 2002 585 terram
2072 525 2424 596 emerserit,
2486 525 2545 585 di

721 647 871 706 gosa
919 628 1050 690 fiet.

923 735 1227 798 Cucumis
1274 748 1341 798 et
1388 737 1742 809 cucurbita,
1793 756 1940 798 cum
1989 737 2182 816 copia
2230 748 2332 799 est
2364 757 2545 817 aqua«

673 860 925 907 scuram
1005 843 1405 917 desiderant;
1488 863 1639 904 nam
1714 842 2061 923 plurimum
2140 844 2439 905 iuuantur
2514 865 2545 904 u

717 962 924 1011 autem
972 950 1148 1011 sicco
1195 948 1344 1011 loco
1392 951 1515 1011 seri
1567 950 1930 1021 debuerint,
1982 970 2113 1030 quo
2163 951 2545 1031 rigationem

717 1074 838 1117 non
888 1057 1218 1137 expediat,
1264 1076 1490 1118 mense
1514 1057 1895 1119 *Februario
1927 1057 2367 1137 sesquipedali
2401 1057 2544 1119 altit

719 1158 1007 1224 facienda
1073 1175 1190 1224 est.
1289 1176 1439 1242 post
1501 1163 1656 1224 Idus
1703 1163 1942 1224 deinde
1991 1163 2279 1236 MartiaS,
2330 1165 2515 1245 quasi

715 1265 1062 1331 altitudinis
1118 1268 1281 1332 sulci
1339 1271 1717 1333 stramentis
1764 1271 1985 1332 inditis
2031 1271 2336 1352 tegenda,
2389 1291 2545 1333 mox

640 1386 875 1438 10terra
934 1397 1141 1457 usque
1202 1378 1263 1439 in
1314 1377 1656 1439 dimidium
1705 1377 1952 1439 sulcum
2004 1377 2398 1459 adgerenda,
2451 1399 2545 1458 po:

716 1482 990 1546 minibus
1058 1496 1192 1545 tam
1261 1485 1370 1545 diu
1445 1498 1545 1547 est
1618 1505 1786 1565 aqua
1836 1485 2231 1564 praebenda,
2282 1486 2545 1547 donec·

712 1598 901 1669 atque
949 1590 1060 1652 ubi
1107 1591 1570 1653 conualescere
1618 1593 1976 1671 coeperint,
2028 1592 2284 1654 adiecta
2319 1593 2517 1654 humo

711 1714 927 1758 eorum
978 1699 1433 1800 prpsequenda
1482 1711 1649 1773 sunt,
1702 1699 1913 1760 donec
1966 1699 2184 1760 sulcus
2231 1715 2545 1780 coaequet

710 1802 874 1865 culta
944 1806 1195 1866 semina
1270 1806 1411 1867 sine
1483 1806 1804 1886 rigatione
1875 1817 2013 1868 tota
2090 1817 2342 1868 aestate
2411 1808 2545 1868 sati:

634 1926 689 1971 15
712 1907 1113 1991 fructumque
1192 1912 1587 1973 iucundioris
1656 1914 1912 1993 saporis
1982 1932 2178 1993 quam
2257 1914 2439 1994 rigua
2519 1934 2545 1993 p

707 2018 969 2096 aquosis
1039 2028 1256 2079 autem
1328 2017 1490 2080 locis
1562 2020 1774 2099 primo
1836 2039 2099 2100 quoque
2156 2031 2472 2100 tempore,
2536 2042 2545 2081 1

704 2135 855 2184 ante
925 2123 1262 2186 Kalendas
1334 2125 1603 2188 Martias
1669 2146 1895 2188 semen
1968 2127 2349 2207 ponendum
2410 2139 2530 2199 est,

707 2231 910 2306 possit
951 2232 1368 2311 aequinoctio
1402 2232 1725 2308 confectO,
1761 2234 1957 2314 idque
1990 2233 2075 2294 de
2110 2234 2326 2296 media
2359 2245 2542 2313 parte

703 2354 927 2399 semen
976 2338 1234 2400 inuerso
1282 2340 1622 2401 cacumine
1669 2341 1918 2420 ponito,
1955 2351 2026 2402 ut
2057 2339 2170 2402 fiat
2203 2342 2545 2402 incremem

622 2467 684 2499 πο
704 2462 850 2505 nam
884 2457 1036 2507 sunt
1067 2446 1152 2507 ad
1185 2465 1371 2507 usum
1404 2466 1708 2508 uasorum
1741 2449 1900 2509 satis
1932 2448 2230 2521 idoneae,
2265 2450 2431 2511 sicut
2456 2447 2543 2510 Al

700 2552 1092 2625 cucurbitae,
1122 2572 1269 2614 cum
1293 2567 1701 2616 exaruerunt.
1727 2565 1793 2616 at
1813 2556 1869 2615 si
1889 2554 2262 2618 esculentae
2286 2556 2481 2617 merci
2505 2575 2545 2635 p

700 2669 879 2719 recto
913 2660 1253 2721 cacumine
1286 2661 1369 2721 de
1396 2659 1569 2721 collo
1595 2660 1968 2723 cucurbitae
1993 2673 2325 2742 sumptum
2352 2682 2545 2724 semei

696 2765 834 2838 erit,
870 2787 1004 2848 quo
1031 2766 1348 2847 prolixior
1370 2780 1436 2829 et
1462 2768 1716 2829 tenuior
1743 2767 1984 2829 fructus
2009 2770 2147 2830 eius
2178 2780 2538 2840 enascatur,

697 2872 906 2934 maius
955 2873 1121 2934 aeris
1168 2875 1416 2936 inuenit
1451 2876 1747 2954 pretium.
1807 2875 1923 2937 sed
1959 2877 2458 2938 custodiendum
2493 2896 2545 2937 ee

612 3002 672 3048 25
696 2979 965 3042 minime
1011 2981 1096 3043 ad
1136 3001 1283 3042 eum
1317 2982 1551 3056 locum,
1590 2983 1654 3043 in
1689 3002 1820 3062 quo
1852 2982 1954 3044 uel
1989 3002 2366 3045 cucumeres
2400 2996 2509 3045 aut
2542 3015 2544 3030 ‹

887 3298 918 3343 5
964 3299 1144 3332 umore
1183 3286 1217 3332 S
1263 3300 1473 3332 umores
1513 3287 1551 3334 A
1601 3286 1820 3333 humore
1857 3290 1901 3335 Β
2100 3290 2133 3333 6
2171 3286 2472 3348 rigationem
2511 3289 2544 3335 d

687 3370 899 3432 rigatior
938 3388 1005 3420 ne
1044 3375 1082 3422 A
1263 3374 1538 3422 ministrari
1577 3387 1612 3432 p
1795 3390 1821 3434 7
1869 3375 2225 3436 sexquipedali
2264 3377 2349 3423 AR
2531 3377 2545 3423 i

684 3467 765 3508 est
804 3462 840 3509 S
878 3462 1029 3510 fossa
1068 3461 1302 3510 iacienda
1338 3464 1392 3511 ἴε
1430 3465 1468 3512 A
1507 3463 1653 3511 fosse
1693 3463 1926 3511 faciende
1966 3471 2085 3511 sunt
2123 3469 2166 3513 Β
2328 3467 2360 3512 8
2399 3464 2537 3513 ma'i‘t

683 3551 902 3600 martias
941 3555 988 3600 Β
1138 3567 1202 3599 10
1238 3552 1533 3614 adgerenda
1574 3554 1608 3600 S
1647 3552 1939 3614 aggerenda
1978 3555 2051 3602 Ad
2091 3554 2384 3614 aggeranda
2422 3558 2465 3602 Β

872 3656 931 3688 11
980 3648 1255 3688 enascatur
1291 3643 1366 3690 SA
1529 3657 1590 3701 13
1631 3642 1718 3690 s‘i'c
1759 3643 1797 3690 A
1950 3656 2011 3702 15
2050 3643 2367 3691 iocundioris
2405 3657 2441 3691 a

872 3745 936 3790 17
990 3728 1104 3777 m‘ffr
1142 3731 1176 3777 S
1231 3730 1364 3778 mart
1401 3733 1441 3779 A
1497 3738 1646 3778 mart.
1686 3731 1770 3778 uel
1804 3732 2011 3779 martias
2050 3736 2093 3780 Β
2295 3733 2491 3779 differri
2531 3747 2545 3779 ι

677 3817 877 3865 deferri
919 3822 968 3867 Β
1192 3822 1251 3866 18
1300 3819 1540 3867 confecto
1590 3820 1915 3879 aequinoctio
1955 3822 1988 3867 S
2213 3835 2273 3879 19
2311 3823 2492 3881 ponjto
2532 3824 2545 3876 l

674 3907 802 3964 ms.)
847 3909 885 3955 S
1080 3922 1141 3954 21
1186 3916 1500 3956 exaruerunt
1538 3911 1582 3957 Β
1618 3908 1698 3967 (ar
1736 3910 1788 3956 in
1829 3924 1929 3956 ras.
1967 3924 2061 3956 scr.
2103 3901 2200 3967 ηις)
2237 3910 2270 3956 S
2308 3910 2544 3957 exharue‘

674 4003 799 4044 runt
837 3999 873 4045 d
1046 4004 1099 4045 at
1135 4000 1179 4045 Β
1217 4011 1275 4044 nc
1316 3998 1389 4045 SA
1553 4012 1622 4057 23
1662 4012 1766 4057 quo
1804 3999 1838 4044 S
1875 3997 1938 4057 qb
1977 3999 2015 4046 A
2064 4012 2102 4061 q
2139 3998 2221 4044 uel
2254 3999 2393 4057 quod
2432 4002 2476 4047 Β

673 4093 765 4132 tur
804 4089 850 4135 Β
891 4092 1144 4133 nascatur
1182 4086 1255 4133 SA
1440 4087 1636 4133 scilicet
1673 4090 1716 4136 Β
1753 4086 1796 4134 si
1835 4086 1954 4133 licet
1991 4087 2065 4134 SA
2236 4103 2302 4147 24
2340 4087 2473 4134 acris
2508 4102 2537 4135 c

824 4189 897 4236 25
940 4175 1117 4222 locum
1159 4189 1261 4222 om.
1300 4177 1373 4223 SA
1557 4192 1861 4223 cucumeres
1899 4177 2103 4238 scripsi:
2142 4177 2429 4224 cucumeris
2455 4179 2528 4225 SA
