3109 5559
1697 251 1818 318 Rei
1847 251 2126 318 rusticae
2155 251 2269 318 lib.
2305 251 2403 317 IV
2431 273 2487 317 c.
2521 251 2730 319 26—28

495 428 659 494 oculi
685 428 1051 515 trigeminis
1078 428 1314 514 palmis
1339 428 1769 516 egerminenss
1801 428 2046 516 quibus
2073 428 2266 495 binos
2294 427 2633 495 detrahere
2660 451 2781 515 opo

494 556 620 621 quo
658 536 1076 602 commodius
1116 535 1409 622 singulos
1449 536 1753 602 alumnos
1792 535 2095 602 educent.
2184 554 2229 616 5
2271 549 2371 602 est
2409 536 2590 601 enim
2630 535 2781 622 sapi«

396 670 448 717 25
490 642 707 708 rustici
739 656 1061 728 reputare,
1097 665 1261 708 num
1293 642 1537 709 maiore
1570 642 1792 708 fructu
1823 642 1979 708 uitis
2010 664 2080 707 se
2111 642 2419 721 induerit,
2455 663 2657 728 quam
2688 656 2764 709 ut

492 746 652 814 ferre
698 769 854 813 eum
900 748 1127 834 possit.
1176 748 1398 835 itaque
1444 771 1581 815 non
1625 748 1843 815 solum
1887 748 2194 815 frondem
2239 769 2716 834 superuacuam
2762 771 2781 814 ι

493 853 855 941 decerpere,
903 855 1086 942 quod
1131 876 1390 943 semper
1434 855 1815 921 faciendum
1858 869 1977 935 est,
2025 876 2261 920 uerum
2305 854 2642 920 interdum
2687 877 2781 942 pa]

490 960 771 1046 aliquam
808 961 983 1028 fetus
1019 961 1345 1041 decutere,
1385 976 1460 1028 ut
1496 962 1699 1028 ubere
1735 983 1857 1029 suo
1893 977 2229 1048 granatam
2264 963 2473 1029 uitem
2508 963 2703 1042 leuet;
2743 962 2781 1028 i«

490 1066 676 1133 faciet
701 1067 901 1133 uariis
927 1068 1009 1133 de
1035 1068 1247 1135 causis
1273 1068 1690 1155 pampinator
1715 1068 2099 1148 industrius,
2126 1069 2326 1136 etiam
2350 1069 2404 1135 si
2431 1090 2566 1135 non
2591 1069 2715 1135 erit
2739 1091 2783 1134 n

396 1201 454 1248 30
490 1172 759 1254 fructus,
804 1196 1005 1261 quam
1042 1188 1118 1241 ut
1154 1188 1590 1241 maturescere
1630 1189 1846 1261 queat.
1941 1177 1984 1238 6
2023 1175 2078 1240 si
2117 1189 2339 1241 autem
2377 1175 2708 1241 continuis
2746 1197 2778 1240 s

490 1279 769 1347 rioribus
820 1281 1009 1346 annis
1061 1281 1329 1368 dapsilis
1381 1281 1708 1368 prouenit,
1765 1280 2100 1368 religatam
2151 1282 2359 1348 uitem
2411 1282 2780 1369 requiescet

491 1385 662 1452 refici
711 1409 831 1474 par
878 1387 1021 1467 erit,
1074 1387 1129 1453 si
1178 1387 1438 1454 futurae
1488 1388 1795 1454 materiae
1845 1388 2347 1455 consulendum.
2400 1409 2554 1453 nam
2605 1409 2781 1454 cacu1

490 1491 892 1578 flagellorum
922 1493 1289 1580 defringere
1318 1494 1612 1560 luxuriae
1642 1494 2176 1580 comprimendae
2206 1516 2400 1561 causa
2429 1494 2536 1560 uel
2567 1494 2731 1560 dura
2762 1518 2781 1581 1

492 1600 895 1669 trunci.sitos
926 1601 1275 1686 pampinos
1305 1622 1746 1680 summouere,
1782 1601 1907 1667 nisi
1938 1601 2022 1667 ad
2053 1601 2502 1667 renouandam
2532 1601 2740 1667 uitem
2771 1624 2781 1662 ι

396 1732 451 1781 35
493 1719 682 1792 atque
708 1707 870 1772 alter
893 1707 1257 1773 seruandus
1280 1720 1398 1786 est,
1424 1721 1572 1773 tum
1595 1730 1631 1773 e
1655 1708 1867 1794 capite
1892 1708 2213 1795 quicquid
2236 1708 2406 1774 inter
2429 1707 2732 1774 bracchia
2755 1730 2781 1772 t

491 1813 860 1898 explantare
897 1827 1094 1900 atque
1130 1835 1263 1892 eos,
1305 1813 1422 1901 qui
1457 1836 1576 1900 per
1612 1814 1755 1900 ipsa
1791 1815 2181 1881 duramenta
2214 1814 2465 1880 steriles
2501 1814 2781 1901 nequicq

494 1933 767 1985 matrem
789 1934 1088 2007 opacant,
1114 1920 1416 2007 palmites
1438 1919 1773 2006 detergere
1795 1920 2147 1987 cuiuslibet
2167 1921 2274 1987 uel
2296 1920 2485 2008 pueri
2506 1935 2604 1987 est
2626 1919 2781 1986 offic

376 2135 457 2211 28
577 2171 617 2213 r
660 2150 966 2237 Tempus
992 2164 1213 2216 autem
1240 2150 1771 2238 pampinationis,
1802 2165 2156 2238 antequam
2183 2151 2414 2217 florem
2440 2151 2596 2217 uitis
2622 2164 2781 2217 osten

492 2258 770 2323 maxime
796 2271 895 2323 est
919 2257 1317 2343 eligendum,
1346 2257 1464 2323 sed
1488 2271 1555 2324 et
1580 2272 1807 2345 postea
1831 2257 1983 2325 licet
2006 2257 2286 2323 eandem
2311 2271 2622 2343 repetere.
2652 2280 2781 2323 me<

495 2360 686 2448 igitur
712 2385 947 2429 eorum
975 2363 1234 2429 dierum
1261 2363 1570 2451 spatium,
1602 2386 1737 2451 quo
1765 2364 1934 2430 acini
1962 2364 2351 2443 formantur,
2382 2364 2728 2430 uinearum
2756 2386 2781 2429 r

499 2470 749 2536 aditum
807 2483 1019 2556 negat,
1082 2470 1330 2557 quippe
1386 2469 1733 2536 florentem
1790 2469 2083 2536 fructum
2141 2492 2408 2537 mouere
2468 2493 2603 2536 non
2661 2492 2781 2556 exp

429 2601 455 2650 s
496 2577 966 2661 pubescentem
994 2599 1154 2642 uero
1182 2590 1248 2643 et
1276 2577 1463 2664 quasi
1491 2577 1978 2643 adulescentem
2007 2577 2318 2643 conuenit
2347 2577 2614 2663 religare
2642 2576 2780 2642 folii

495 2683 802 2750 omnibus
828 2683 1097 2762 nudare,
1125 2697 1271 2749 tum
1296 2697 1361 2749 et
1386 2683 1633 2750 crebris
1657 2683 2060 2750 fossionibus
2085 2684 2376 2770 implere.
2407 2705 2560 2749 nam
2586 2682 2660 2748 fit
2685 2683 2777 2748 ub

500 2789 1083 2874 puluerationibus.
1176 2810 1217 2855 2
1261 2811 1382 2856 nec
1446 2789 1693 2856 infitior
1758 2791 2106 2877 plerosque
2172 2803 2320 2855 ante
2386 2812 2492 2855 me
2558 2789 2781 2854 rustice

498 2916 712 2961 rerum
743 2895 1088 2981 magistros
1117 2895 1330 2962 tribus
1359 2895 1634 2962 fossuris
1664 2910 2009 2963 contentos
2039 2896 2261 2975 fuisse,
2294 2918 2374 2961 ex
2404 2895 2648 2982 quibus
2679 2894 2780 2960 Gr

499 3023 677 3081 num,
738 3002 853 3088 qui
907 3002 1001 3067 sic
1055 3001 1271 3068 refert:
1329 3017 1595 3089 potest
1647 3003 1908 3069 uideri
1961 3003 2155 3068 satis
2206 3024 2375 3068 esse
2430 3001 2781 3067 constitu

407 3133 462 3170 10
500 3107 806 3174 uineam
857 3122 976 3175 ter
1019 3108 1315 3189 fodere;
1358 3109 1593 3175 Celsus
1638 3132 1905 3196 quoque
1949 3123 2016 3176 et
2053 3108 2314 3174 Atticus
2356 3107 2777 3174 consentiunt

495 3235 631 3281 esse
660 3229 883 3282 motus
911 3216 981 3282 in
1009 3217 1145 3282 uite
1175 3237 1290 3281 seu
1320 3216 1542 3301 potius
1571 3215 1641 3282 in
1670 3216 1853 3281 omni
1882 3216 2146 3281 surculo
2176 3216 2519 3295 naturales,
2552 3238 2781 3294 unum,

563 3443 651 3498 28:
681 3461 782 3508 1-4
803 3444 942 3497 Plin.
966 3454 1077 3497 nat.
1106 3445 1327 3508 17,189‚·
1348 3445 1559 3497 Pallad.
1585 3444 1727 3508 6,2,a
1763 3471 1800 3481 -
1837 3445 1977 3496 8-10
1997 3445 2136 3497 Ptin.
2161 3454 2272 3497 nat.
2299 3444 2494 3507 17,188

497 3636 552 3672 se
575 3622 884 3686 germinent
909 3621 972 3674 S¹
997 3622 1167 3687 palmi
1192 3639 1250 3674 se
1276 3622 1584 3685 germinent
1610 3621 1725 3674 S¹A
1758 3648 1797 3658 -
1832 3622 1976 3674 binis
2002 3621 2093 3674 SA
2126 3648 2165 3658 -
2200 3637 2266 3687 25
2295 3622 2560 3674 maiorem
2584 3620 2756 3673 A²ht²

497 3709 713 3763 duerint
759 3709 894 3764 SAh
927 3737 966 3747 -
1000 3728 1110 3776 qua
1154 3710 1245 3763 SA
1278 3737 1317 3747 -
1353 3725 1420 3775 27
1467 3711 1731 3775 decepere
1774 3711 1827 3763 A
1860 3737 1899 3747 -
1934 3711 2002 3764 28
2048 3711 2194 3763 uitae
2237 3710 2356 3762 Am
2391 3737 2429 3747 -
2464 3711 2633 3775 inque
2677 3710 2770 3763 SA

498 3811 677 3852 autem
710 3798 881 3865 ΙιΡλσ
914 3811 1008 3853 aut
1044 3798 1178 3864 SAj'
1212 3826 1250 3836 -
1286 3816 1347 3864 31
1391 3800 1550 3852 dacili
1588 3798 1697 3865 SAj
1733 3825 1772 3835 -
1805 3800 2060 3864 prouenit
2089 3800 2377 3865 Josephson
2406 3810 2463 3864 p.
2504 3799 2606 3848 106
2645 3800 2781 3863 prob

498 3886 689 3954 SAhjz
718 3900 995 3954 prouentu
1024 3888 1133 3942 διο
1159 3889 1458 3953 prebentur
1486 3890 1542 3940 r²
1576 3915 1615 3925 -
1650 3889 1929 3953 fatigatam
1959 3903 2073 3954 ycu
2106 3915 2145 3925 -
2181 3904 2248 3952 32
2279 3905 2378 3953 par
2407 3889 2510 3941 erit
2532 3887 2556 3954 j
2589 3906 2781 3952 paruer

499 3979 698 4040 patitur
719 3976 947 4044 Ιιλῐγςι
969 3978 1207 4042 patietur
1227 3992 1262 4044 p
1285 3978 1366 4041 cfr
1379 3978 1669 4043 Josephson
1687 3989 1742 4042 p.
1770 3991 1872 4040 107
1895 4004 1934 4014 -
1957 3993 1986 4041 3
1994 3994 2022 4041 3
2050 3978 2357 4043 defringere
2380 3984 2404 4029 t
2426 3978 2642 4041 definge
2664 3976 2781 4029 SA}

500 4065 740 4132 defringe
766 4065 833 4119 h·
858 4067 1201 4131 confringere
1228 4067 1344 4131 (-ge
1369 4065 1434 4131 b)
1453 4066 1566 4132 ibe
1587 4067 1668 4130 cfr
1694 4058 1978 4130 Onnersors
2003 4067 2205 4118 Eranos
2229 4078 2423 4130 5a‚222
2459 4093 2498 4103 -
2531 4084 2693 4118 causa
2716 4066 2770 4117 R

500 4153 586 4207 SA
617 4183 654 4192 -
691 4172 761 4220 34
784 4156 917 4208 sitos
940 4156 994 4207 R
1014 4156 1061 4207 si
1086 4168 1211 4219 post
1232 4156 1325 4209 SA
1358 4183 1396 4192 -
1430 4168 1843 4209 summouerent
1865 4155 2044 4207 mc
2060 4172 2436 4208 surr-emouere
2452 4155 2476 4221 j
2512 4182 2551 4192 -
2581 4156 2684 4208 nisi
2709 4155 2781 4207 Sl=

508 4268 543 4278 -
578 4260 640 4308 35
663 4262 693 4296 e
713 4245 767 4296 R
786 4255 840 4297 et
860 4244 952 4297 SA
985 4271 1024 4281 -
1058 4245 1308 4309 quicquit
1327 4245 1380 4297 A
1413 4272 1451 4282 -
1485 4245 1829 4298 brachiaAR
1859 4272 1898 4282 -
1936 4245 2002 4308 36
2023 4246 2309 4309 explanare
2321 4244 2411 4310 jry
2444 4271 2483 4281 -
2516 4245 2724 4297 steriles
2737 4243 2781 4309 j:

508 4332 705 4386 similes
730 4333 900 4400 SAhp
935 4359 974 4369 -
1008 4334 1383 4398 nequidquam
1407 4334 1460 4386 A

567 4421 657 4476 282
685 4439 714 4488 3
741 4423 895 4475 acina
917 4421 1001 4474 λσ
1034 4448 1072 4458 -
1105 4439 1141 4486 4
1163 4433 1362 4487 negant
1383 4422 1510 4474 Ιιλσ
1542 4449 1582 4459 -
1618 4438 1647 4488 5
1674 4434 1728 4474 et
1750 4439 1848 4474 om.
1873 4421 1983 4487 SAj
2019 4449 2057 4458 -
2092 4423 2125 4474 6
2149 4422 2356 4474 nudare
2476 4423 2781 4486 pulueratio

505 4525 597 4563 om.
620 4511 713 4564 SA
746 4538 785 4548 -
820 4512 853 4564 8
879 4510 1185 4563 Graecinus
1207 4512 1261 4563 R
1293 4538 1332 4548 -
1366 4527 1400 4575 9
1424 4513 1544 4576 quit
1567 4512 1620 4564 A
1653 4538 1692 4548 -
1726 4512 1804 4564 sic
1825 4512 1879 4563 R
1900 4512 1945 4564 si
1969 4511 2061 4563 SA
2093 4537 2132 4547 -
2168 4511 2304 4563 refet
2326 4511 2402 4563 A²
2430 4537 2469 4547 -
2497 4527 2561 4563 ιο
2583 4523 2666 4562 ter
2688 4511 2781 4563 fod

505 4600 782 4661 perfodere
824 4600 917 4653 SA
950 4626 989 4636 -
1030 4616 1051 4651 1
1066 4617 1088 4651 1
1135 4600 1392 4653 naturalis
1433 4600 1560 4653 Ιιλσ
1593 4627 1632 4637 -
1666 4618 1843 4652 unum
1882 4599 2050 4665 S¹hjo
2088 4600 2296 4653 utrium
2337 4600 2452 4652 S¹A
2491 4600 2691 4652 uitium
2733 4600 2776 4651 λ
