3109 5559
617 237 704 298 60
1260 258 1313 300 L.
1364 258 1488 300 1vm
1535 257 1858 300 mom-:nm
1906 257 2314 300 commutat:

618 437 740 478 nec
806 417 987 478 arida
1053 416 1293 478 inutilis
1358 416 1441 477 ad
1501 416 1932 496 pulmentaria
1980 416 2365 479 condienda.
2462 417 2578 478 sed
2629 417 2879 495 cepina

619 522 721 584 uel
794 524 1073 604 saepius,
1147 534 1322 585 certe
1394 543 1521 584 non
1598 525 1808 585 minus
1877 523 2075 585 debet
2140 543 2334 604 quam
2384 536 2614 604 quater
2659 524 2873 584 sariri.

619 631 803 691 cuius
879 631 934 691 si
1011 650 1234 691 semen
1307 631 1615 710 excipere
1686 629 1885 705 uoles,
1959 632 2176 710 capita
2247 632 2534 691 maxima
2573 631 2878 716 ‘generis

619 735 980 810 Ascalonii,
1049 736 1228 816 quod
1295 748 1396 798 est
1461 737 1800 817 optimum,
1854 757 2076 798 mense
2123 737 2477 799 Februario
2526 736 2878 816 disponito

604 854 1078 922 quaternorum
1137 841 1239 905 uel
1287 844 1484 905 etiam
1531 844 1799 923 quinum
1852 843 2202 924 digitorum
2251 844 2482 923 spatiis
2530 842 2874 914 distantia,
2903 875 2936 921 5

494 947 596 1024 <58
619 960 685 1010 et
740 970 887 1011 cum
956 949 1294 1030 coeperint
1358 951 1585 1024 uirere,
1651 969 1732 1011 ne
1794 951 2005 1011 minus
2052 961 2150 1011 ter
2185 952 2552 1024 ,consarito;
2623 950 2877 1010 deinde

519 1081 526 1110 z
618 1076 766 1117 cum
835 1055 1103 1117 fecerint
1159 1055 1430 1129 caulem,
1481 1055 1931 1118 humilioribus
1975 1057 2157 1135 quasi
2209 1055 2628 1118 cantheriolis
2675 1058 2874 1117 inter·

620 1163 851 1242 positis
909 1162 1190 1242 rigorem
1245 1161 1533 1223 stilorum
1595 1174 2000 1224 conseruato
2099 1182 2247 1223 nam
2298 1164 2417 1224 nisi
2466 1162 2876 1224 harundines

619 1280 1021 1332 transuersas
1098 1270 1159 1330 in
1242 1269 1506 1330 modum
1588 1269 1850 1349 iugatae
1926 1271 2155 1331 uineae
2231 1270 2457 1331 crebre
2527 1271 2874 1350 disposue-

619 1375 720 1448 τῖε,
795 1375 976 1436 thalli
1046 1395 1351 1454 ceparum
1423 1375 1637 1436 uentis
1710 1386 2201 1455 prosternuntur
2246 1387 2587 1456 totumque
2635 1396 2874 1437 semen
2903 1408 2968 1439 10

618 1482 1009 1558 excutietur;
1082 1482 1256 1562 quod
1331 1480 1579 1542 scilicet
1650 1501 1779 1542 non
1852 1495 2002 1543 ante
2073 1481 2422 1562 legendum
2479 1495 2601 1555 est,
2665 1504 2874 1563 quam

617 1608 765 1649 cum
815 1599 1247 1650 maturescere
1295 1588 1586 1668 coeperit
1633 1586 2050 1668 coloremque
2100 1590 2353 1669 nigrum
2405 1589 2669 1652 habere.
2744 1590 2873 1651 sed

620 1714 738 1756 nec
788 1694 1166 1774 patiendum
1214 1705 1333 1769 est,
1382 1706 1452 1756 ut
1501 1706 1890 1774 perarescat,
1942 1707 2009 1756 ut
2059 1707 2268 1757 totum
2316 1696 2601 1769 decidat,
2634 1717 2873 1757 uerum

617 1803 849 1881 integri
899 1800 1077 1863 thalli
1127 1800 1408 1862 uellendi
1455 1813 1604 1862 sunt
1652 1813 1717 1863 et
1764 1801 1902 1862 sole
1949 1803 2256 1863 siccandi.

517 1918 596 1981 59
830 1908 1058 1988 Napus
1114 1919 1180 1969 et
1238 1928 1396 1988 rapa
1451 1908 1616 1970 duas
1663 1910 1952 1970 sationes
2000 1910 2245 1971 habent
2292 1922 2358 1971 et
2404 1910 2686 1971 eandem
2738 1910 2962 1984 cul-15

616 2026 822 2076 turam
894 2034 1090 2094 quam
1163 2016 1506 2094 raphanus,
1622 2015 1851 2077 melior
1917 2027 2018 2078 est
2087 2027 2302 2077 tamen
2376 2017 2545 2078 satio
2619 2020 2875 2078 mensis

616 2119 919 2200 Augusti.
1015 2123 1308 2202 iugerum
1371 2123 1510 2202 agri
1571 2133 1880 2202 quattuor
1937 2124 2259 2184 sextarios
2319 2124 2587 2184 seminis
2635 2144 2871 2186 eorum

617 2228 848 2306 poscit,
920 2228 1038 2289 sed
1110 2230 1198 2290 ita
1256 2240 1327 2290 ut
1387 2229 1622 2290 radicis
1671 2228 1982 2309 Syriacae
2029 2249 2225 2309 super
2271 2230 2438 2291 hanc
2489 2249 2870 2292 mensuram

506 2331 811 2412 6opaulo
882 2333 1027 2414 plus
1090 2356 1287 2416 quam
1340 2336 1682 2398 heminam
1750 2337 2015 2397 seminis
2065 2338 2352 2415 recipiat.
2448 2338 2555 2416 qui
2607 2351 2871 2398 aestate

615 2442 738 2501 ista
785 2452 975 2513 seret,
1026 2453 1274 2514 caueat,
1328 2463 1408 2504 ne
1457 2454 1726 2524 propter
1770 2444 2097 2504 siccitates
2145 2442 2324 2523 pulix
2375 2442 2591 2504 adhuc
2634 2455 2959 2504 teneram

617 2546 767 2608 folia
834 2549 1248 2628 prorepentia
1313 2561 1674 2624 consumat,
1746 2551 1940 2630 idque
1997 2560 2065 2610 ut
2121 2551 2404 2628 uitetur„
2448 2547 2681 2628 puluis,
2751 2551 2865 2629 qui

613 2674 807 2733 supra
878 2675 1205 2716 cameram
1275 2657 1614 2731 inuenitur,
1689 2655 1791 2716 uel
1861 2657 2054 2718 etiam
2130 2655 2349 2737 fuligo.
2418 2675 2589 2735 quae
2663 2676 2864 2736 supra

615 2760 797 2822 socos
867 2763 1056 2823 tectis
1126 2763 1436 2833 inhaeret,
1506 2762 1748 2844 conligi
1805 2763 2040 2837 debet;
2115 2763 2353 2823 deinde
2402 2762 2611 2842 pridie
2659 2783 2860 2842 quam

612 2869 779 2928 satio
830 2868 960 2942 fiat,
1011 2870 1395 2930 conmisceri
1444 2889 1590 2931 cum
1640 2870 1997 2930 seminibus
2043 2881 2107 2931 et
2156 2889 2323 2948 aqua
2371 2871 2746 2949 conspargi‚
2791 2882 2860 2930 ut

611 2985 748 3035 tota
815 2985 1010 3037 nocte
1075 2995 1301 3036 sucum
1371 2976 1599 3037 trahat.
1700 2996 1847 3037 nam
1912 2977 2005 3036 sic
2057 2986 2382 3037 macerata
2431 2987 2701 3055 postero
2750 2976 2862 3036 die
2885 3002 2953 3046 25

828 3292 845 3322 1
889 3284 941 3325 at
979 3281 1013 3325 A
1056 3279 1095 3334 (t
1133 3281 1185 3326 in
1225 3279 1256 3325 d
1296 3284 1421 3326 mut.
1463 3295 1532 3325 m.
1573 3279 1682 3330 rec.)
1720 3281 1753 3326 8
1957 3277 2227 3339 pluffitaria
2264 3280 2304 3326 A
2352 3278 2422 3332 (lu
2461 3292 2590 3324 eras.
2629 3284 2676 3324 et
2711 3278 2764 3323 ul
2803 3278 2857 3324 in

606 3381 704 3412 ras.
744 3367 858 3421 scr.)
896 3368 929 3414 S
1129 3385 1157 3426 4
1199 3367 1468 3427 dispositio
1508 3369 1582 3415 SA
1789 3371 1821 3414 6
1861 3367 2091 3427 coeperit
2127 3368 2199 3414 SA
2382 3366 2553 3413 uirere
2592 3370 2636 3415 Β
2676 3365 2857 3412 uiuere

603 3457 636 3501 S
672 3455 853 3502 uidere
892 3457 929 3503 A
1113 3459 1146 3503 6
1185 3457 1446 3505 consarito
1485 3461 1528 3505 Β
1569 3456 1880 3503 inconscrito
1920 3457 1992 3503 SA
2174 3454 2360 3502 deinde
2401 3458 2442 3502 Β
2481 3455 2564 3502 die
2604 3454 2654 3501 in
2695 3454 2779 3501 die
2817 3456 2855 3501 A

603 3544 710 3596 (ult.
750 3545 763 3591 i
803 3547 950 3601 eras.)
989 3548 1022 3593 S
1228 3560 1255 3605 7
1298 3546 1591 3593 canteriolis
1630 3550 1673 3594 Β
1713 3544 1971 3592 cateriolis
2009 3546 2046 3592 A
2087 3544 2381 3591 chateriolis
2419 3544 2453 3590 S
2650 3546 2682 3590 8
2721 3543 2856 3604 rigo·

606 3649 709 3681 rem
752 3647 784 3693 p
822 3634 1078 3695 rigoribus
1116 3636 1236 3683 SAR
1431 3649 1466 3693 9
1504 3634 1652 3681 uinea
1692 3636 1764 3682 SA
1954 3648 2012 3693 13
2051 3633 2382 3694 perharescat
2420 3633 2454 3679 S
2491 3632 2780 3693 ,pharescat
2818 3632 2856 3679 A

751 3739 808 3783 17
851 3724 1099 3771 sestarios
1139 3725 1172 3771 S
1343 3726 1403 3770 18
1441 3724 1645 3784 syriace
1679 3737 1713 3782 p
1750 3723 1922 3771 surice
1948 3727 1991 3771 Β
2027 3722 2168 3769 urice
2209 3722 2245 3769 A
2284 3721 2332 3776 (a
2368 3727 2481 3781 sup.
2520 3720 2658 3767 iscr.
2689 3714 2788 3774 ιη’)
2824 3721 2860 3766 S

752 3829 813 3873 19
851 3813 1123 3860 hieminam
1154 3813 1192 3860 A
1339 3827 1407 3859 πο
1444 3813 1584 3873 pulix
1614 3814 1705 3860 Aw
1736 3811 1768 3866 (i
1798 3813 1852 3859 in
1880 3827 1909 3859 e
1936 3816 2059 3858 mut.
2089 3826 2157 3857 m.
2184 3826 2233 3857 a.
2260 3807 2373 3864 uet.)
2397 3809 2433 3856 S
2459 3809 2596 3856 culix
2623 3809 2858 3868 bkmpru

602 3902 751 3949 culex
799 3905 897 3962 cdq
956 3903 1137 3951 cuelex
1176 3915 1213 3959 g
1269 3902 1398 3949 calix
1437 3916 1473 3950 a
1709 3917 1770 3948 21
1812 3901 2027 3962 ppentia
2065 3901 2103 3948 A
2147 3897 2225 3952 (ru
2262 3904 2374 3960 sup.
2420 3911 2500 3960 pp
2546 3914 2645 3946 scr.
2687 3891 2787 3950 ιη’)
2822 3899 2857 3945 S

601 3992 941 4052 prorepensia
979 4005 1014 4040 a
1253 3992 1302 4039 id
1342 3982 1435 4052 ἕως
1476 3992 1509 4038 d
1759 3991 1875 4051 plus
1912 3987 1963 4042 (u
2002 3994 2047 4035 et
2080 3988 2093 4036 i
2131 3995 2369 4049 superscr.
2411 3980 2509 4042 ιη’)
2547 3988 2583 4035 S
2639 3988 2776 4049 pluis
2814 3988 2852 4034 A

600 4082 770 4139 puluis
810 4082 942 4128 enim
981 4083 1013 4128 d
1196 4097 1261 4128 22
1303 4096 1471 4128 caram
1511 4082 1551 4128 A
1602 4078 1704 4133 (me
1741 4086 1852 4141 sup.
1894 4095 1918 4125 r
1954 4094 2046 4124 scr.
2087 4071 2184 4132 ιη’)
2220 4078 2252 4124 S
2432 4076 2594 4124 fulico
2634 4077 2674 4125 A

602 4185 667 4228 23
708 4171 875 4230 colligi
914 4172 1035 4218 SAR
1216 4187 1279 4228 24
1322 4168 1647 4217 commisceri
1687 4169 1809 4216 SAR
1987 4181 2052 4226 25
2093 4165 2202 4213 tota
2239 4166 2277 4213 A
