3109 5559
833 183 946 228 REI
980 182 1303 229 Rvsr1cAE
1335 182 1464 228 us.
1500 183 1577 228 1x
1609 183 1664 228 c.
1702 183 1738 245 7
1772 182 1857 228 Er
1888 167 1925 227 8
2423 167 2501 245 87

243 345 482 424 spiritu
499 364 579 406 ex
598 345 1022 425 respondente
1039 364 1260 407 earum
1280 344 1495 406 subito
1514 345 1775 406 fremitu
1794 344 2146 425 poterimus
2164 345 2501 406 aestimare

245 452 353 513 uel
388 452 872 513 multitudinem
908 452 1013 513 uel
1047 452 1464 532 paucitatem.
1504 452 1844 531 praecipue
1881 457 2099 513 autem
2138 452 2499 513 custodien-
2521 460 2558 519 3

246 559 407 619 dum
447 564 544 619 est
587 566 662 619 ut
704 578 785 620 ex
827 558 1064 619 uicinia
1104 558 1321 638 potius
1362 577 1561 637 quam
1603 558 1947 638 peregrinis
1985 558 2350 637 regionibus
2392 577 2500 637 pe-

246 670 494 736 tantur,
534 665 843 743 quoniam
892 666 1099 726 solent
1149 665 1307 726 caeli
1353 664 1648 726 nouitate
1696 664 1990 726 lacessiri.
2041 665 2219 743 quod
2265 665 2320 726 si
2369 684 2498 726 non

184 791 222 839 5
246 770 563 850 contingit
601 791 676 833 ac
710 790 962 833 necesse
995 771 1408 833 habuerimus
1425 771 1789 851 longinquis
1806 770 2144 833 itineribus
2162 771 2497 843 aduehere,

246 877 616 939 curabimus
660 897 741 938 ne
785 878 1049 939 salebris
1092 877 1533 949 sollicitentur,
1581 877 1952 957 optimeque
1992 878 2291 939 noctibus
2336 878 2500 939 collo

246 984 701 1063 portabuntur.
734 1004 886 1045 nam
917 984 1145 1045 diebus
1173 984 1422 1063 requies
1450 984 1667 1045 danda
1695 990 1814 1055 est,
1844 989 1910 1045 et
1940 983 2320 1045 infundendi
2347 992 2500 1045 sunt

245 1090 414 1169 grati
451 1090 680 1170 apibus
715 1091 1011 1170 liquores,
1050 1091 1284 1170 quibus
1317 1090 1491 1152 intra
1525 1091 1815 1152 clausum
1850 1091 2124 1152 alantur.
2163 1109 2316 1152 mox
2352 1109 2500 1152 cum
2520 1099 2559 1160 4

247 1197 532 1276 perlatae
575 1197 840 1259 domum
882 1196 1139 1269 fuerint,
1182 1197 1237 1259 si
1278 1197 1412 1258 dies
1451 1197 1910 1276 superuenerit,
1954 1215 2071 1258 nec
2112 1196 2342 1276 aperiri
2382 1215 2500 1258 nec

152 1323 226 1359 10
247 1303 565 1365 conlocari
601 1304 925 1383 oportebit
963 1305 1183 1365 aluum
1227 1303 1351 1365 nisi
1384 1303 1653 1383 uesperi,
1692 1311 1766 1364 ut
1804 1322 1957 1383 apes
1991 1303 2280 1382 placidae
2313 1322 2500 1364 mane

246 1415 395 1489 post
426 1410 628 1471 totius
653 1410 861 1471 noctis
887 1410 1169 1489 requiem
1202 1409 1631 1489 egrediantur.
1661 1409 2099 1489 specularique
2127 1409 2501 1471 debebimus

248 1516 378 1577 fere
397 1516 632 1588 triduo,
654 1516 971 1596 numquid
989 1517 1323 1578 uniuersae
1342 1536 1408 1578 se
1427 1516 1846 1596 profundant,
1868 1516 2044 1595 quod
2061 1534 2211 1576 cum
2230 1515 2497 1587 faciunt,

246 1622 468 1701 fugam
517 1623 933 1685 meditantur.
986 1642 1064 1684 ea
1112 1623 1405 1684 remediis
1454 1623 1689 1702 quibus
1738 1623 1971 1683 debeat
2021 1622 2294 1683 inhiberi
2345 1642 2498 1684 mox

245 1729 727 1808 praecipiemus.

148 1856 222 1904 15
328 1835 416 1896 At
448 1854 613 1914 quae
644 1836 814 1897 dono
843 1837 946 1897 uel
961 1835 1250 1915 aucupio
1279 1835 1685 1914 contingunt,
1717 1834 1930 1896 minus
1958 1836 2323 1914 scrupulose
2354 1853 2498 1914 pro·
2518 1841 2554 1904 5

246 1941 507 2014 bantur,
537 1961 934 2021 quamquam
962 1961 1042 2003 ne
1070 1942 1159 2004 sic
1186 1942 1449 2021 quidem
1475 1942 1671 2003 uelim
1698 1941 1820 2003 nisi
1847 1942 2127 2021 optimas
2154 1941 2493 2020 possidere,

245 2067 397 2109 cum
430 2054 495 2109 et
532 2048 867 2128 inpensam
901 2056 967 2109 et
1002 2049 1273 2110 eandem
1308 2067 1572 2128 operam
1607 2048 1891 2110 custodis
1926 2048 2254 2127 postulent
2290 2048 2498 2109 bonae

246 2160 445 2233 atque
489 2155 796 2234 inprobae
838 2174 1114 2234 quoque.
1162 2154 1441 2215 maxime
1482 2154 1676 2216 refert
1717 2160 1791 2216 ut
1827 2173 1958 2215 non
1994 2154 2123 2216 sint
2161 2153 2499 2233 degeneres

244 2261 796 2332 intermiscendae,
837 2280 1002 2340 quae
1035 2261 1349 2322 infament
1395 2280 1750 2340 generosaS.
1799 2280 1952 2322 nam
1998 2260 2207 2322 minor
2252 2260 2498 2321 fructus

146 2389 224 2424 20
246 2367 451 2429 mellis
496 2368 858 2447 respondet,
907 2386 1057 2428 cum
1085 2367 1375 2448 segniora
1414 2367 1852 2429 interueniunt
1889 2366 2207 2429 examina.
2246 2386 2498 2428 uerum-
2514 2378 2555 2439 6

318 2599 456 2648 2-14
489 2584 700 2635 Pallad.
736 2598 785 2642 1,
805 2586 893 2646 38,
917 2597 1050 2640 1—2:
1081 2585 1161 2647 cfr
1194 2585 1359 2650 Geop.
1394 2596 1480 2646 15,
1502 2597 1553 2643 2,
1577 2598 1751 2635 ro-rt

322 2776 345 2810 1
377 2763 736 2827 §spondente
777 2758 829 2811 A
1043 2764 1255 2813 sumito
1296 2758 1383 2813 BA
1595 2763 1920 2813 existimare
1961 2757 2181 2819 80⁸0&ss
2221 2763 2496 2812 extimare

242 2847 381 2908 iqroe
575 2865 606 2913 3
637 2855 725 2902 est
755 2866 861 2901 om.
899 2858 999 2921 κγ
1189 2866 1260 2902 ex
1290 2853 1517 2914 uicinia]
1552 2851 1815 2901 examina
1844 2849 2014 2919 uqa-11
2191 2851 2495 2915 peregrinis

241 2935 449 2997 mm
498 2955 568 2990 ex
619 2941 923 3004 peregrinis
951 2936 1003 2990 R
1216 2944 1488 3005 petuntur
1530 2935 1618 2990 BA
1833 2954 1864 3002 5
1895 2940 2203 2990 iteneribus
2231 2935 2283 2988 A

242 3030 460 3079 aduehe
506 3024 618 3079 8¹A
832 3031 868 3078 6
896 3031 1217 3079 curauimus
1259 3025 1346 3080 BA
1559 3030 1702 3079 colla
1731 3024 1783 3077 A
1998 3042 2029 3091 7
2060 3032 2363 3092 portantur
2394 3022 2497 3078 (nb

241 3113 368 3175 lyco
583 3118 615 3166 8
647 3119 833 3182 gratia
862 3119 989 3183 pius
1017 3114 1104 3169 BA
1299 3132 1334 3178 9
1364 3118 1715 3181 superauerit
1746 3118 1875 3186 ᾳιιιῑ
2060 3130 2125 3165 10
2155 3118 2414 3168 collocari
2444 3113 2496 3167 B

459 3208 684 3257 alueum
713 3202 765 3256 R
942 3222 1078 3271 apes
1108 3202 1195 3257 88.
1223 3208 1347 3257 auis
1375 3202 1427 3255 A
1456 3221 1591 3256 aues
1619 3202 1715 3263 iun
1935 3219 1993 3255 11
2030 3207 2216 3257 noctis
2245 3207 2493 3270 requiem

239 3291 295 3346 R.
323 3297 511 3360 quiem
543 3297 728 3346 noctis
755 3291 842 3346 BA
1019 3297 1430 3360 speculiarique
1459 3291 1511 3344 A
1689 3296 1958 3345 debemus
1987 3290 2039 3344 R
2239 3308 2301 3343 12
2334 3308 2494 3344 num·

240 3386 380 3449 quid
427 3380 464 3434 8
511 3398 700 3449 namq:
732 3379 784 3432 A
812 3385 948 3449 quid
978 3380 1030 3434 R
1244 3386 1460 3435 faciant
1488 3380 1540 3433 A
1761 3398 1824 3446 13
1857 3384 2104 3433 remedia
2132 3378 2184 3432 R
2396 3384 2492 3433 de·

243 3475 419 3523 beant
447 3469 499 3523 R

315 3562 803 3626 Quemadmodum
856 3563 1140 3612 siluestria
1192 3563 1455 3612 examina
1506 3563 1809 3626 capiantur
1861 3562 2003 3612 rubr.
2058 3556 2252 3630 namt

246 3665 311 3713 15
344 3653 508 3715 quae]
542 3665 797 3716 quaeque
828 3646 1040 3721 φκηιίι·
1069 3651 1186 3701 Pol.
1219 3665 1550 3716 quecunque
1578 3661 1610 3700 Ι
1784 3652 1954 3700 domo
1982 3645 2098 3699 (loer
2126 3651 2201 3699 do
2230 3666 2351 3700 cum
2386 3651 2489 3699 lac.

239 3735 292 3796 ci
481 3742 545 3789 16
575 3754 677 3790 nec
706 3735 974 3809 othqux¹b
1149 3741 1253 3801 sic]
1287 3742 1335 3790 si
1368 3749 1442 3809 qn
1607 3742 1860 3804 optimos
1890 3745 1992 3809 <pn
2177 3753 2239 3801 17
2271 3744 2330 3787 et
2361 3753 2492 3787 ean·

239 3830 374 3879 dem
402 3824 489 3879 88.
517 3830 753 3878 eandem
782 3824 834 3877 A
1011 3830 1248 3878 eandem
1278 3831 1526 3893 operam]
1561 3843 1753 3880 curam
1782 3837 1818 3885 n
1995 3829 2257 3878 custodes
2285 3823 2337 3876 A

248 3918 313 3965 18
344 3931 567 3982 quoque
609 3913 696 3968 BA
724 3919 877 3981 quod
906 3913 958 3967 R
1169 3920 1341 3967 refert
1372 3923 1438 3967 ut
1468 3913 1520 3966 A
1548 3920 1800 3967 referunt
1830 3912 1867 3966 8
1896 3917 2065 3965 refert
2095 3912 2147 3966 R
2359 3922 2492 3966 sunt

239 4002 318 4056 nh
536 4020 601 4066 19
629 4008 738 4056 iter
768 4007 1048 4057 miscende
1086 4002 1138 4055 A
1165 4008 1543 4058 inmiscendae
1579 4006 1686 4069 (uel
1713 4008 1833 4068 im·)
1869 4003 2085 4073 xflqnx¹
2267 4019 2335 4054 20
2366 4020 2492 4055 exe·

243 4096 399 4145 mina
427 4090 538 4144 8¹A
