3109 5559
1476 264 1574 306 REI
1623 263 1926 307 RVSTICAE
1973 264 2084 307 LIB.
2139 265 2198 307 xl

734 444 769 483 a
818 422 1109 498 Socrate,
1171 437 1488 499 utrumne,
1539 426 1594 486 si
1642 445 1746 485 res
1804 423 2133 486 familiaris
2188 424 2602 486 desiderasse*

732 530 990 591 uilicum
1025 542 1355 612 tamquam
1393 530 1642 593 fabrum
1679 552 1759 593 an
1794 553 1832 594 a
1856 551 1928 593 se
1961 531 2302 593 instituere
2327 549 2603 591 consuet]

734 657 934 709 uere,
986 638 1209 718 inquit,
1261 640 1428 718 ipse
1475 640 1833 701 instituo.
1908 639 2192 700 etenim
2226 639 2354 718 qui
2388 656 2501 699 me
2533 638 2603 698 al

736 763 975 804 meum
1033 744 1281 806 locum
1329 746 1835 817 substituitur
1880 757 1956 807 et
2003 747 2340 807 uicarius
2386 764 2598 805 meae

682 852 890 926 5tiae
936 853 1308 927 succedit,
1360 854 1423 914 is
1470 872 1560 915 ea
1592 873 1788 934 quae
1821 873 1967 934 ego
1997 853 2197 915 scire
2229 852 2480 914 debet.
2554 872 2603 912 ει

732 959 997 1020 nimium
1033 960 1245 1039 prisca
1276 971 1344 1021 et
1374 961 1513 1022 eius
1545 960 1809 1040 quidem
1842 961 2157 1040 temporis
2188 970 2356 1030 sunt,
2391 978 2522 1039 quo
2552 959 2603 1019 ic'

734 1065 1000 1127 machus
1059 1067 1346 1146 negabat
1409 1087 1805 1148 quemquam
1867 1067 2155 1129 rusticari
2217 1066 2484 1128 nescire.
2583 1086 2603 1125 r

733 1194 1055 1236 memores
1102 1176 1509 1255 ignorantiae
1559 1187 1819 1238 nostrae
1865 1177 2148 1257 uigentis
2183 1194 2414 1237 sensus
2445 1173 2603 1235 adul·

731 1283 1155 1362 corporisque
1233 1282 1477 1345 robusti
1562 1284 1967 1363 peritissimis
2047 1281 2349 1364 agricolis
2432 1301 2603 1343 conn

656 1417 711 1447 10
731 1409 1005 1470 quorum
1060 1390 1527 1452 monitionibus
1576 1389 1678 1451 uel
1726 1410 1892 1451 unus
1938 1411 2024 1451 ex
2074 1390 2290 1452 multis
2335 1385 2508 1468 (nam
2558 1409 2603 1449 e:

731 1496 1008 1572 erudire)
1056 1517 1185 1558 non
1234 1497 1442 1560 solum
1492 1498 1947 1570 rusticationiS,
1982 1497 2099 1559 sed
2133 1496 2495 1577 imperandi
2529 1516 2603 1556 co

732 1605 1089 1666 scientiam.
1162 1604 1427 1684 quidam
1475 1606 1648 1666 enim
1697 1606 1996 1685 quamuis
2041 1624 2314 1685 operum
2353 1602 2603 1683 probati

733 1710 909 1784 ficeS,
972 1711 1381 1791 imperitandi
1452 1730 1678 1791 parum
1730 1710 2101 1792 prudentes
2151 1723 2262 1774 aut
2309 1711 2565 1772 saeuius

733 1817 939 1878 lenius
971 1816 1234 1898 agendo
1266 1837 1401 1878 rem
1435 1816 1848 1879 dominorum
1878 1830 2319 1899 corrumpunt.
2369 1838 2587 1897 quare,

654 1925 1072 1994 15docendus
1116 1937 1183 1986 et
1230 1945 1269 1985 a
1317 1926 1590 2005 pueritia
1654 1926 1907 1987 rusticis
1952 1925 2262 2005 operibus
2308 1924 2597 1986 edurand

732 2052 862 2112 que
911 2031 1088 2110 prius
1134 2033 1601 2111 experimentis
1648 2032 2090 2112 inspiciendus
2126 2033 2246 2094 erit
2281 2031 2528 2093 futurus
2559 2052 2596 2090 u

732 2138 941 2200 solum
990 2157 1073 2199 an
1123 2138 1536 2217 perdidicerit
1598 2138 2009 2219 disciplinam
2071 2139 2249 2212 ruris,
2313 2138 2432 2199 sed
2481 2158 2560 2199 an

734 2246 912 2306 mino
974 2244 1170 2306 fidem
1227 2266 1304 2307 ac
1363 2246 1869 2308 beniuolentiam
1936 2246 2265 2320 exhibeat,
2324 2247 2463 2307 sine
2529 2265 2603 2325 qu

733 2353 1001 2431 prodest
1050 2351 1222 2414 uilici
1269 2372 1521 2415 summa
1569 2354 1857 2415 scientia.
1936 2354 2456 2434 potentissimum
2506 2363 2603 2413 est

647 2479 812 2520 noeo
875 2459 1249 2539 magisterio
1304 2460 1471 2520 scire
1517 2471 1582 2521 et
1630 2461 2023 2534 existimare,
2072 2460 2266 2541 quale
2311 2458 2598 2520 officium

732 2564 920 2626 labor
965 2567 1047 2626 sit
1094 2568 1327 2647 cuique
1376 2566 1827 2647 iniungendus
1904 2587 2053 2629 nam
2094 2588 2211 2628 nec
2245 2565 2603 2628 ualentissir

732 2673 1025 2752 exsequi,
1075 2673 1251 2753 quod
1302 2673 1672 2753 imperatur,
1721 2675 1776 2735 si
1824 2675 2089 2748 nesciat,
2139 2673 2295 2754 quid
2344 2684 2515 2752 agat,
2569 2693 2603 2733 n

733 2781 953 2853 simuS,
1018 2781 1070 2840 si
1134 2781 1215 2841 sit
1276 2779 1613 2843 inualidus,
1709 2780 1987 2861 qualitas
2047 2782 2267 2861 itaque
2322 2780 2603 2860 cuiusqm

733 2885 1082 2948 sideranda
1112 2900 1231 2949 est,
1304 2889 1548 2968 quippe
1586 2887 1800 2968 aliqua
1833 2901 1982 2950 sunt
2014 2908 2217 2969 opera
2250 2898 2603 2948 tantummc

647 3019 711 3063 25
734 3005 1069 3075 tamquam
1134 2995 1561 3073 promouendi
1610 3015 1808 3057 onera
1859 2996 2311 3075 portandique,
2362 2994 2578 3075 aliqua

950 3208 980 3237 2
1021 3192 1335 3238 constituere
1374 3194 1459 3240 bn
1679 3208 1709 3250 3
1748 3193 2011 3240 absentem
2072 3193 2120 3240 in
2159 3195 2192 3239 S
2401 3207 2429 3250 5
2471 3192 2512 3237 is
2552 3208 2602 3236 oe

732 3283 764 3328 6
812 3289 866 3327 et
912 3296 1014 3326 om.
1050 3282 1120 3328 SA
1350 3280 1710 3327 ischomachus
1748 3284 1781 3329 d
1839 3283 2145 3329 scomnchus
2182 3282 2302 3329 SAR
2359 3282 2599 3327 scomach

732 3373 764 3416 8
804 3369 1123 3427 ignorantiae
1160 3369 1329 3430 itaque
1367 3372 1441 3417 SA
1478 3370 1716 3417 omnibus
1754 3387 1882 3430 quae
1916 3376 2193 3431 sequuntur
2223 3376 2337 3431 pos!
2373 3370 2603 3430 ignorant

733 3461 906 3519 itaque
963 3459 1211 3518 cuiusque
1254 3461 1309 3512 (i.
1335 3475 1375 3506 e.
1415 3467 1624 3506 nostrae
1651 3476 1700 3506 u.
1741 3463 1773 3505 8
1819 3485 1876 3490 ω-
1928 3460 2145 3519 qualitas
2171 3477 2221 3506 u.
2245 3463 2332 3516 23)
2371 3461 2573 3506 omissis

731 3552 961 3606 ubam-y
1017 3548 1234 3609 ingentis
1271 3550 1556 3608 edkpquuw
1611 3547 1773 3596 ottob.
1820 3555 1954 3609 15⁶7
1994 3554 2038 3594 et
2075 3564 2206 3609 17⁰⁰
2398 3563 2432 3607 9
2470 3563 2602 3595 comi

924 3653 983 3683 ιο
1024 3652 1155 3684 uuus
1191 3637 1264 3683 ed.
1298 3645 1408 3699 pta:
1451 3653 1606 3684 unum
1646 3638 1690 3685 R
1835 3654 1948 3686 nam
1990 3654 2090 3685 nou
2130 3647 2210 3686 est
2245 3653 2308 3698 eq
2352 3637 2512 3684 ottob.
2557 3654 2603 3696 ι)

733 3728 843 3773 cilis
884 3741 917 3786 p
1068 3741 1127 3773 12
1168 3726 1428 3774 scientiam
1468 3729 1687 3784 bgpsuw
1731 3725 1892 3774 ottob.
1935 3733 2068 3788 1567
2109 3727 2423 3775 inscientiam
2463 3729 2602 3776 wilk

738 3832 873 3876 ¹70⁰
1022 3815 1315 3877 probissimi
1353 3817 1572 3874 bkmrsy
1611 3816 1993 3875 probantissimi
2030 3831 2068 3873 g
2219 3832 2277 3876 ¹5
2317 3817 2603 3864 edurandus

737 3905 903 3952 ottob.
936 3920 1069 3964 1700
1098 3905 1396 3952 educandus
1434 3906 1562 3953 akw
1603 3904 1763 3950 Ottob.
1807 3911 1942 3965 15⁶7
1982 3907 2262 3953 educandis
2292 3920 2319 3952 ι·
2471 3910 2530 3952 16
2562 3906 2603 3951 in

924 4044 982 4088 ¹7
1023 4030 1116 4076 sed
1155 4046 1217 4076 an
1257 4043 1290 4088 p
1327 4039 1377 4076 et
1416 4045 1477 4076 an
1518 4032 1562 4077 R
1745 4045 1811 4076 20
1850 4031 2014 4088 qualis
2041 4044 2073 4088 p
2110 4032 2224 4090 quis
2261 4039 2346 4094 (qs
2381 4031 2463 4076 uel
2486 4021 2541 4092 ἦ*
2568 4047 2599 4075 u

737 4134 793 4165 21
841 4118 1011 4179 possit
1048 4123 1159 4164 nete.
1186 4118 1324 4164 edd..·
1359 4127 1539 4179 posset
1569 4120 1613 4166 R
1759 4134 1823 4164 22
1852 4120 2066 4178 exsequi
2091 4120 2210 4167 SAR
2379 4135 2472 4166 nec
2499 4120 2602 4178 imp

919 4223 985 4267 25
1034 4207 1201 4266 aliqua
1249 4208 1399 4254 ctiam
1446 4207 1640 4254 sociata
1693 4207 1886 4254 uiribus
1932 4210 2132 4269 scripsi:
2181 4210 2439 4270 aliquaspfss
2470 4208 2603 4254 socia

734 4299 831 4344 alia
873 4295 1068 4343 sociata
1107 4296 1299 4343 uiribus
1338 4300 1375 4344 A
1415 4297 1582 4355 aliqua
1623 4297 1816 4344 sociata
1855 4303 1954 4342 tam
1998 4307 2120 4350 (tum
2162 4305 2215 4345 a)
2256 4297 2450 4344 uiribus
2490 4300 2533 4345 R
