3109 5559
605 290 676 337 VI
1546 292 1919 339 PRAEFATIO

603 454 718 533 qui
769 454 937 516 inter
985 472 1053 516 se
1104 454 1398 534 proxima
1449 454 1778 517 affinitate
1828 454 2157 517 coniuncti
2207 461 2380 527 sunt,
2435 456 2863 519 fundamento

603 560 872 622 editioni
920 561 1178 623 criticae
1226 580 1361 623 esse
1410 561 1662 624 debere.
1717 562 1879 624 Cum
1927 563 2352 642 archetypum
2400 581 2744 625 commune
2791 564 2861 624 li-

603 666 854 728 brarius
907 667 1142 729 codicis
1194 668 1251 728 A
1306 668 1517 730 minus
1571 674 1869 730 accurate
1922 688 2120 749 quam
2175 669 2471 731 librarius
2524 670 2768 731 codicis
2819 670 2861 732 S

601 774 1007 853 descripserit
1027 780 1094 836 et
1112 774 1365 853 saepius
1385 780 1642 836 textum
1662 775 1969 855 corrigere
1988 781 2260 837 conatus
2278 775 2385 849 sit,
2408 776 2576 837 male
2596 776 2860 856 quidem

602 886 671 942 et
713 880 1072 953 inscienter,
1119 881 1161 942 S
1205 882 1351 960 plus
1394 881 1480 942 ad
1521 887 1778 943 textum
1821 900 2046 943 uerum
2090 882 2616 944 constituendum
2660 902 2857 963 quam

602 988 662 1048 A
691 987 905 1049 ualere
935 993 1223 1066 apparet.

685 1093 947 1156 Codices
983 1094 1363 1156 recentiores
1400 1113 1563 1156 saeC.
1607 1094 1754 1166 XV,
1799 1114 2072 1174 quorum
2111 1114 2490 1156 consensum
2529 1095 2862 1157 Haussner

604 1205 670 1262 et
705 1201 1099 1261 Lundstrom
1134 1200 1351 1262 littera
1385 1201 1451 1261 R
1486 1201 2004 1280 designauerunt,
2043 1220 2264 1262 omnes
2299 1220 2378 1263 ex
2413 1202 2639 1262 eodem
2676 1202 2858 1264 fonte

604 1307 866 1368 fluxisse
903 1307 1238 1387 permultis
1272 1307 1878 1387 interpolationibus
1914 1307 2364 1369 communibus
2401 1313 2701 1388 apertum
2738 1316 2855 1370 oet.

603 1414 1035 1494 Quamquam,
1057 1419 1134 1475 ut
1156 1419 1352 1475 testes
1371 1414 1562 1474 huius
1582 1413 1837 1485 aetatis,
1860 1419 2117 1475 textum
2138 1433 2329 1493 saepe
2349 1415 2540 1476 ualde
2560 1415 2860 1476 emenda-

604 1526 745 1582 tum
802 1520 1136 1600 praebent,
1195 1520 1280 1581 ad
1333 1539 1559 1581 uerum
1616 1526 1871 1581 textum
1927 1520 2473 1593 constituendum,
2531 1520 2859 1582 codicibus

602 1626 929 1688 ueteribus
977 1627 1203 1688 multis
1227 1626 1380 1688 locis
1406 1627 1744 1707 corruptiS,
1772 1646 1902 1688 non
1927 1627 2187 1688 inutiles
2209 1633 2384 1688 sunt.
2412 1628 2859 1707 Archetypum

605 1733 898 1795 codicum
935 1732 1361 1794 recentiorum
1399 1733 1597 1795 alium
1636 1733 1882 1795 fontem
1921 1752 2118 1813 quam
2157 1733 2199 1794 S
2237 1739 2304 1795 et
2339 1734 2397 1794 A
2434 1734 2672 1795 habere
2709 1753 2859 1795 cum

601 1859 684 1901 ex
713 1840 853 1901 aliis
882 1839 1072 1900 rebus
1102 1845 1245 1901 tum
1275 1858 1355 1900 ex
1385 1859 1461 1901 eo
1492 1845 1762 1918 apparet
1794 1840 1969 1919 quod
1998 1859 2128 1901 non
2159 1840 2380 1920 paucis
2413 1840 2568 1902 locis
2599 1846 2856 1902 textum

601 1948 864 2026 plenum
888 1946 955 2006 in
984 1946 1044 2006 R
1067 1946 1357 2025 legimuS,
1387 1946 1501 2007 ubi
1528 1946 1571 2007 S
1597 1952 1663 2007 et
1687 1946 1745 2006 A
1770 1965 1973 2007 unum
1999 1946 2104 2007 uel
2123 1947 2314 2025 plura
2336 1946 2555 2018 uerba,
2584 1947 2860 2025 plerum-

601 2071 728 2133 que
757 2071 870 2133 per
896 2052 1481 2125 homoeoteleuton,
1517 2052 1851 2114 omittunt.

684 2159 827 2220 Etsi
869 2158 1065 2238 igitur
1104 2158 1352 2221 codices
1389 2163 1640 2220 ueteres
1678 2178 1758 2220 ex
1796 2177 1928 2220 uno
1958 2160 2333 2239 archetypo,
2365 2159 2615 2221 codices
2646 2178 2861 2221 recen-

600 2265 795 2327 tiores
818 2285 898 2326 ex
923 2267 1125 2326 altero
1150 2265 1426 2327 deriuati
1448 2271 1622 2337 sunt,
1650 2265 1997 2346 perlegenti
2023 2271 2242 2327 tamen
2267 2271 2656 2345 apparatum
2685 2265 2863 2327 criti-

600 2391 749 2434 cum
771 2372 961 2433 huius
985 2371 1270 2434 fasciculi
1292 2377 1359 2433 et
1380 2390 1600 2433 eorum
1624 2391 1786 2452 quos
1807 2372 2199 2434 Lundstrom
2222 2372 2425 2434 edidit
2446 2372 2859 2452 perspicuum

600 2478 742 2550 erit,
782 2478 1066 2540 codicem
1102 2478 1160 2538 A
1196 2484 1262 2540 et
1320 2478 1570 2540 codices
1606 2478 1889 2540 familiae
1927 2478 1987 2538 R
2022 2478 2350 2540 affinitate
2387 2479 2671 2558 quadam
2709 2498 2863 2540 con-

599 2585 794 2663 iungi.
833 2584 1031 2646 Haud
1062 2604 1205 2646 raro
1238 2584 1407 2646 enim
1441 2584 1679 2646 menda
1708 2584 2077 2646 communia
2107 2586 2336 2646 horum
2362 2585 2656 2647 codicum
2680 2585 2863 2647 inue-

600 2691 754 2763 niet,
795 2690 908 2752 ubi
948 2691 990 2753 S
1027 2691 1200 2752 solus
1237 2691 1577 2752 lectionem
1616 2710 1836 2753 ueram
1874 2691 2301 2753 conseruauit.
2344 2692 2620 2753 Praebet
2660 2691 2865 2770 igitur

598 2816 944 2859 consensus
989 2797 1282 2859 codicum
1331 2797 1391 2857 R
1436 2803 1501 2859 et
1546 2798 1853 2859 lectiones
1898 2816 2065 2878 quae
2110 2798 2559 2859 demonstrant
2606 2798 2861 2860 fontem

597 2923 1006 2966 communem
1047 2904 1237 2965 huius
1277 2903 1564 2965 familiae
1604 2904 1800 2966 alium
1839 2904 2263 2984 archetypum
2301 2923 2498 2984 quam
2531 2904 2787 2966 codices
2819 2905 2864 2966 S

597 3016 666 3072 et
702 3011 760 3071 A
797 3011 1050 3082 habere,
1092 3016 1170 3086 ‚et
1224 3010 1382 3071 alias
1430 3010 1737 3071 lectiones
1774 3029 1940 3090 quae
1978 3010 2212 3072 docent
2248 3011 2305 3071 A
2343 3016 2409 3072 et
2449 3011 2509 3071 R
2545 3018 2863 3090 cognatos

596 3136 752 3189 esse,
795 3117 862 3179 id
904 3116 1099 3196 quod,
1144 3122 1463 3196 quantum
1507 3116 1830 3196 intellego,
1872 3117 2051 3178 nullo
2090 3117 2284 3178 modo
2325 3118 2671 3196 explanare
2713 3137 2864 3197 pos—

596 3243 821 3285 sumus
850 3223 971 3284 nisi
1002 3223 1426 3302 archetypum
1456 3222 1750 3285 codicum
1783 3223 1843 3283 R
1872 3223 2390 3285 contaminatum
2422 3224 2597 3303 quod
2627 3223 2861 3285 dicunt

598 3330 793 3391 fuisse
827 3329 1176 3410 ponimus.l
1212 3329 1356 3408 Qua
1390 3349 1457 3390 re
1491 3329 1690 3391 etiam
1724 3329 2151 3409 intellegimus
2186 3330 2511 3410 quomodo
2544 3330 2866 3392 lectiones

597 3442 674 3498 ut
701 3436 798 3498 ita
823 3435 1034 3498 dicam
1064 3435 1348 3515 duplices
1377 3435 1445 3497 in
1474 3435 1724 3497 codices
1752 3435 1813 3497 R
1840 3436 2230 3516 irrepserint,
2263 3455 2443 3516 e.gr.:

678 3560 738 3619 3,
754 3560 811 3616 2,
830 3560 907 3604 10
940 3561 1156 3603 uerum
1190 3549 1244 3603 et
1277 3542 1440 3604 aliae
1472 3526 1633 3603 dnae
1663 3542 1942 3622 geminae
1975 3543 2051 3603 ab
2085 3562 2151 3603 eo
2185 3543 2345 3622 quod
2376 3542 2657 3623 duplices
2692 3562 2864 3604 uuas

594 3649 847 3727 exigunt
873 3667 1263 3727 cognomen
1288 3649 1613 3720 trahunt,
1642 3649 2000 3710 austerioris
2026 3649 2174 3710 uini
2199 3649 2305 3710 sed
2329 3668 2516 3729 aeque
2541 3649 2862 3729 perenni&

594 3790 679 3800 —
740 3773 1066 3834 cognomen
1130 3755 1380 3816 trahunt
1454 3755 1894 3837 SAq>di0finx1,
1960 3755 2204 3834 gemelle
2267 3761 2567 3817 uocantur
2633 3756 2862 3838 αοῑγσ,

594 3862 846 3942 gemelle
879 3867 1183 3922 uocantur
1215 3879 1541 3940 cognomen
1574 3861 1824 3923 trahunt
1857 3868 2079 3925 zasxae.

679 4027 697 4057 ²
738 4027 951 4075 Eodem
975 4027 1143 4076 modo
1165 4027 1235 4076 de
1258 4025 1540 4075 affinitate
1563 4026 1819 4076 codicum
1843 4026 2115 4076 iudicauit
2139 4026 2190 4091 J.
2218 4026 2461 4084 Trotzki,
2489 4026 2727 4076 Studien
2753 4041 2862 4075 zur

604 4106 1367 4179 Uberlieferungsgoechichte
1430 4114 1777 4173 Columellas,
1828 4115 2096 4164 Raccolta
2141 4114 2199 4165 di
2241 4116 2424 4165 scritti
2467 4115 2525 4164 in
2570 4129 2742 4164 onore
2792 4115 2856 4165 di

604 4204 782 4253 Felice
808 4205 1128 4262 Ramorino,
1156 4203 1364 4253 Milano
1393 4217 1543 4267 1927,
1570 4219 1625 4268 p.
1653 4217 1915 4267 449-472.

569 4965 3081 5399 F-
