<?xml version="1.0" encoding="UTF-8"?>
<!DOCTYPE html PUBLIC "-//W3C//DTD XHTML 1.0 Transitional//EN"
    "http://www.w3.org/TR/xhtml1/DTD/xhtml1-transitional.dtd">
<html xmlns="http://www.w3.org/1999/xhtml" xml:lang="en" lang="en">
 <head>
  <title>
</title>
<meta http-equiv="Content-Type" content="text/html;charset=utf-8" />
  <meta name='ocr-system' content='tesseract 3.04.00' />
  <meta name='ocr-capabilities' content='ocr_page ocr_carea ocr_par ocr_line ocrx_word'/>
</head>
<body>
  <div class='ocr_page' id='page_1' title='image "./operaquaeexstan00hedbgoog_0621.png"; bbox 0 0 3109 5559; ppageno 0'>
   <div class='ocr_carea' id='block_1_1' title="bbox 1464 261 2188 305">
    <p class='ocr_par' dir='ltr' id='par_1_1' title="bbox 1464 261 2188 305">
     <span class='ocr_line' id='line_1_1' title="bbox 1464 261 2188 305; baseline 0.004 -3"><span class='ocrx_word' id='word_1_1' title='bbox 1464 261 1560 303; x_wconf 74' lang='lat' dir='ltr'><strong>REI</strong></span> <span class='ocrx_word' id='word_1_2' title='bbox 1612 261 1916 303; x_wconf 72' lang='lat' dir='ltr'><strong>RvsTchE</strong></span> <span class='ocrx_word' id='word_1_3' title='bbox 1963 263 2074 305; x_wconf 79' lang='lat' dir='ltr'>LlB.</span> <span class='ocrx_word' id='word_1_4' title='bbox 2131 263 2188 304; x_wconf 74' lang='lat' dir='ltr'><strong>XI</strong></span> 
     </span>
    </p>
   </div>
   <div class='ocr_carea' id='block_1_2' title="bbox 633 421 2565 3176">
    <p class='ocr_par' dir='ltr' id='par_1_2' title="bbox 633 421 2565 3176">
     <span class='ocr_line' id='line_1_2' title="bbox 719 421 2553 501; baseline 0 -19"><span class='ocrx_word' id='word_1_5' title='bbox 719 422 840 494; x_wconf 80' lang='lat' dir='ltr'><strong>fici,</strong></span> <span class='ocrx_word' id='word_1_6' title='bbox 900 432 973 482; x_wconf 91' lang='lat' dir='ltr'><strong>ut</strong></span> <span class='ocrx_word' id='word_1_7' title='bbox 1028 434 1163 483; x_wconf 91' lang='lat' dir='ltr'><strong>tum</strong></span> <span class='ocrx_word' id='word_1_8' title='bbox 1212 421 1477 482; x_wconf 90' lang='lat' dir='ltr'><strong>demum</strong></span> <span class='ocrx_word' id='word_1_9' title='bbox 1525 422 1775 501; x_wconf 90' lang='lat' dir='ltr'><strong>tepenti</strong></span> <span class='ocrx_word' id='word_1_10' title='bbox 1823 422 1951 482; x_wconf 88' lang='lat' dir='ltr'><strong>iam</strong></span> <span class='ocrx_word' id='word_1_11' title='bbox 1999 422 2106 483; x_wconf 92' lang='lat' dir='ltr'><strong>die</strong></span> <span class='ocrx_word' id='word_1_12' title='bbox 2155 423 2406 501; x_wconf 90' lang='lat' dir='ltr'><strong>putatio</strong></span> <span class='ocrx_word' id='word_1_13' title='bbox 2455 421 2553 482; x_wconf 72' lang='lat' dir='ltr'><strong>adn</strong></span> 
     </span>
     <span class='ocr_line' id='line_1_3' title="bbox 717 527 2555 608; baseline 0 -20"><span class='ocrx_word' id='word_1_14' title='bbox 717 529 957 608; x_wconf 87' lang='lat' dir='ltr'>apricis</span> <span class='ocrx_word' id='word_1_15' title='bbox 1003 528 1196 589; x_wconf 89' lang='lat' dir='ltr'><strong>etiam</strong></span> <span class='ocrx_word' id='word_1_16' title='bbox 1248 539 1314 589; x_wconf 90' lang='lat' dir='ltr'><strong>et</strong></span> <span class='ocrx_word' id='word_1_17' title='bbox 1362 528 1596 590; x_wconf 89' lang='lat' dir='ltr'><strong>macris</strong></span> <span class='ocrx_word' id='word_1_18' title='bbox 1643 539 1754 589; x_wconf 91' lang='lat' dir='ltr'><strong>aut</strong></span> <span class='ocrx_word' id='word_1_19' title='bbox 1801 528 1998 589; x_wconf 88' lang='lat' dir='ltr'><strong>aridis</strong></span> <span class='ocrx_word' id='word_1_20' title='bbox 2042 527 2202 590; x_wconf 92' lang='lat' dir='ltr'><strong>locis</strong></span> <span class='ocrx_word' id='word_1_21' title='bbox 2235 539 2419 608; x_wconf 87' lang='lat' dir='ltr'><strong>prata</strong></span> <span class='ocrx_word' id='word_1_22' title='bbox 2454 529 2555 589; x_wconf 90' lang='lat' dir='ltr'><strong>ian</strong></span> 
     </span>
     <span class='ocr_line' id='line_1_4' title="bbox 716 634 2486 716; baseline 0 -19"><span class='ocrx_word' id='word_1_23' title='bbox 716 648 781 697; x_wconf 90' lang='lat' dir='ltr'><strong>et</strong></span> <span class='ocrx_word' id='word_1_24' title='bbox 829 656 869 697; x_wconf 88' lang='lat' dir='ltr'><strong>a</strong></span> <span class='ocrx_word' id='word_1_25' title='bbox 918 654 1156 716; x_wconf 91' lang='lat' dir='ltr'><strong>pecore</strong></span> <span class='ocrx_word' id='word_1_26' title='bbox 1201 647 1351 696; x_wconf 89' lang='lat' dir='ltr'><strong>sunt</strong></span> <span class='ocrx_word' id='word_1_27' title='bbox 1383 634 1820 709; x_wconf 86' lang='lat' dir='ltr'><strong>defendenda,</strong></span> <span class='ocrx_word' id='word_1_28' title='bbox 1854 647 1924 697; x_wconf 93' lang='lat' dir='ltr'><strong>ut</strong></span> <span class='ocrx_word' id='word_1_29' title='bbox 1956 635 2126 697; x_wconf 87' lang='lat' dir='ltr'><strong>faeni</strong></span> <span class='ocrx_word' id='word_1_30' title='bbox 2158 636 2243 696; x_wconf 88' lang='lat' dir='ltr'><strong>sit</strong></span> <span class='ocrx_word' id='word_1_31' title='bbox 2274 635 2486 715; x_wconf 88' lang='lat' dir='ltr'><strong>copia.</strong></span> 
     </span>
     <span class='ocr_line' id='line_1_5' title="bbox 715 742 2555 823; baseline -0.002 -19"><span class='ocrx_word' id='word_1_32' title='bbox 715 763 844 822; x_wconf 91' lang='lat' dir='ltr'><strong>que</strong></span> <span class='ocrx_word' id='word_1_33' title='bbox 899 753 967 804; x_wconf 90' lang='lat' dir='ltr'><strong>et</strong></span> <span class='ocrx_word' id='word_1_34' title='bbox 1025 742 1301 822; x_wconf 86' lang='lat' dir='ltr'>pingues</span> <span class='ocrx_word' id='word_1_35' title='bbox 1360 762 1556 823; x_wconf 86' lang='lat' dir='ltr'><strong>agros</strong></span> <span class='ocrx_word' id='word_1_36' title='bbox 1612 743 2072 823; x_wconf 89' lang='lat' dir='ltr'><strong>tempestiuum</strong></span> <span class='ocrx_word' id='word_1_37' title='bbox 2122 754 2223 804; x_wconf 86' lang='lat' dir='ltr'><strong>est</strong></span> <span class='ocrx_word' id='word_1_38' title='bbox 2272 742 2555 822; x_wconf 79' lang='lat' dir='ltr'><strong>proscim</strong></span> 
     </span>
     <span class='ocr_line' id='line_1_6' title="bbox 665 848 2550 929; baseline -0.001 -19"><span class='ocrx_word' id='word_1_39' title='bbox 665 882 693 925; x_wconf 82' lang='lat'>5</span> <span class='ocrx_word' id='word_1_40' title='bbox 716 850 1020 929; x_wconf 82' lang='lat' dir='ltr'>uliginosi</span> <span class='ocrx_word' id='word_1_41' title='bbox 1066 858 1131 910; x_wconf 92' lang='lat' dir='ltr'><strong>et</strong></span> <span class='ocrx_word' id='word_1_42' title='bbox 1177 848 1524 911; x_wconf 89' lang='lat' dir='ltr'><strong>mediocris</strong></span> <span class='ocrx_word' id='word_1_43' title='bbox 1555 849 1819 912; x_wconf 88' lang='lat' dir='ltr'><strong>habitus</strong></span> <span class='ocrx_word' id='word_1_44' title='bbox 1849 850 1971 911; x_wconf 92' lang='lat' dir='ltr'><strong>sub</strong></span> <span class='ocrx_word' id='word_1_45' title='bbox 2005 859 2320 911; x_wconf 81' lang='lat' dir='ltr'><strong>aestatem</strong></span> <span class='ocrx_word' id='word_1_46' title='bbox 2356 867 2550 909; x_wconf 88' lang='lat' dir='ltr'><strong>uerua</strong></span> 
     </span>
     <span class='ocr_line' id='line_1_7' title="bbox 715 955 2557 1036; baseline -0.001 -19"><span class='ocrx_word' id='word_1_47' title='bbox 715 956 1078 1018; x_wconf 87' lang='lat' dir='ltr'><strong>macerrimi</strong></span> <span class='ocrx_word' id='word_1_48' title='bbox 1124 975 1281 1017; x_wconf 88' lang='lat' dir='ltr'><strong>uero</strong></span> <span class='ocrx_word' id='word_1_49' title='bbox 1313 967 1380 1018; x_wconf 92' lang='lat' dir='ltr'><strong>et</strong></span> <span class='ocrx_word' id='word_1_50' title='bbox 1411 955 1575 1017; x_wconf 87' lang='lat' dir='ltr'><strong>aridi</strong></span> <span class='ocrx_word' id='word_1_51' title='bbox 1608 967 1758 1036; x_wconf 89' lang='lat' dir='ltr'><strong>post</strong></span> <span class='ocrx_word' id='word_1_52' title='bbox 1789 967 2106 1018; x_wconf 82' lang='lat' dir='ltr'><strong>aestatem</strong></span> <span class='ocrx_word' id='word_1_53' title='bbox 2145 956 2353 1036; x_wconf 87' lang='lat' dir='ltr'><strong>primo</strong></span> <span class='ocrx_word' id='word_1_54' title='bbox 2386 966 2557 1017; x_wconf 72' lang='lat' dir='ltr'><strong>autut</strong></span> 
     </span>
     <span class='ocr_line' id='line_1_8' title="bbox 713 1062 2559 1144; baseline -0.001 -21"><span class='ocrx_word' id='word_1_55' title='bbox 713 1075 778 1123; x_wconf 91' lang='lat' dir='ltr'><strong>et</strong></span> <span class='ocrx_word' id='word_1_56' title='bbox 826 1062 1107 1125; x_wconf 88' lang='lat' dir='ltr'><strong>subinde</strong></span> <span class='ocrx_word' id='word_1_57' title='bbox 1154 1063 1562 1125; x_wconf 87' lang='lat' dir='ltr'><strong>conserendi.</strong></span> <span class='ocrx_word' id='word_1_58' title='bbox 1635 1063 1752 1125; x_wconf 90' lang='lat' dir='ltr'><strong>sed</strong></span> <span class='ocrx_word' id='word_1_59' title='bbox 1806 1064 2096 1143; x_wconf 87' lang='lat' dir='ltr'><strong>iugerum</strong></span> <span class='ocrx_word' id='word_1_60' title='bbox 2147 1063 2286 1144; x_wconf 87' lang='lat' dir='ltr'><strong>agri</strong></span> <span class='ocrx_word' id='word_1_61' title='bbox 2338 1063 2559 1143; x_wconf 87' lang='lat' dir='ltr'><strong>pingui</strong></span> 
     </span>
     <span class='ocr_line' id='line_1_9' title="bbox 715 1169 2533 1252; baseline -0.001 -21"><span class='ocrx_word' id='word_1_62' title='bbox 715 1189 875 1252; x_wconf 87' lang='lat' dir='ltr'><strong>pore</strong></span> <span class='ocrx_word' id='word_1_63' title='bbox 923 1171 1075 1231; x_wconf 90' lang='lat' dir='ltr'><strong>anni</strong></span> <span class='ocrx_word' id='word_1_64' title='bbox 1123 1169 1471 1230; x_wconf 90' lang='lat' dir='ltr'><strong>commode</strong></span> <span class='ocrx_word' id='word_1_65' title='bbox 1519 1170 1776 1232; x_wconf 88' lang='lat' dir='ltr'><strong>duabus</strong></span> <span class='ocrx_word' id='word_1_66' title='bbox 1822 1172 2041 1250; x_wconf 88' lang='lat' dir='ltr'><strong>operis</strong></span> <span class='ocrx_word' id='word_1_67' title='bbox 2081 1169 2533 1251; x_wconf 87' lang='lat' dir='ltr'><strong>proscinditur,</strong></span> 
     </span>
     <span class='ocr_line' id='line_1_10' title="bbox 714 1275 2557 1357; baseline -0.001 -20"><span class='ocrx_word' id='word_1_68' title='bbox 714 1278 813 1338; x_wconf 89' lang='lat' dir='ltr'><strong>nis</strong></span> <span class='ocrx_word' id='word_1_69' title='bbox 864 1276 1099 1357; x_wconf 89' lang='lat' dir='ltr'><strong>pluuiis</strong></span> <span class='ocrx_word' id='word_1_70' title='bbox 1145 1277 1358 1339; x_wconf 88' lang='lat' dir='ltr'><strong>adhuc</strong></span> <span class='ocrx_word' id='word_1_71' title='bbox 1409 1277 1682 1339; x_wconf 89' lang='lat' dir='ltr'><strong>madens</strong></span> <span class='ocrx_word' id='word_1_72' title='bbox 1731 1289 1899 1339; x_wconf 86' lang='lat' dir='ltr'><strong>terra</strong></span> <span class='ocrx_word' id='word_1_73' title='bbox 1949 1277 2202 1340; x_wconf 85' lang='lat' dir='ltr'><strong>facilem</strong></span> <span class='ocrx_word' id='word_1_74' title='bbox 2249 1275 2494 1339; x_wconf 87' lang='lat' dir='ltr'><strong>cultum</strong></span> <span class='ocrx_word' id='word_1_75' title='bbox 2533 1297 2557 1336; x_wconf 83' lang='grc' dir='ltr'>ε</span> 
     </span>
     <span class='ocr_line' id='line_1_11' title="bbox 636 1383 2559 1446; baseline -0.001 -1"><span class='ocrx_word' id='word_1_76' title='bbox 636 1414 692 1445; x_wconf 81' lang='lat'><strong>10</strong></span> <span class='ocrx_word' id='word_1_77' title='bbox 712 1384 952 1445; x_wconf 91' lang='lat' dir='ltr'><strong>eodem</strong></span> <span class='ocrx_word' id='word_1_78' title='bbox 1011 1403 1234 1445; x_wconf 88' lang='lat' dir='ltr'><strong>mense</strong></span> <span class='ocrx_word' id='word_1_79' title='bbox 1293 1395 1446 1446; x_wconf 89' lang='lat' dir='ltr'><strong>ante</strong></span> <span class='ocrx_word' id='word_1_80' title='bbox 1493 1383 1829 1446; x_wconf 82' lang='lat' dir='ltr'><strong>Kalendas</strong></span> <span class='ocrx_word' id='word_1_81' title='bbox 1877 1384 2263 1445; x_wconf 83' lang='lat' dir='ltr'><strong>Februarias</strong></span> <span class='ocrx_word' id='word_1_82' title='bbox 2310 1384 2559 1445; x_wconf 89' lang='lat' dir='ltr'><strong>sariend</strong></span> 
     </span>
     <span class='ocr_line' id='line_1_12' title="bbox 712 1488 2530 1570; baseline 0 -19"><span class='ocrx_word' id='word_1_83' title='bbox 712 1488 1139 1561; x_wconf 78' lang='lat' dir='ltr'><strong>autumnaleS‚</strong></span> <span class='ocrx_word' id='word_1_84' title='bbox 1188 1491 1327 1551; x_wconf 92' lang='lat' dir='ltr'><strong>siue</strong></span> <span class='ocrx_word' id='word_1_85' title='bbox 1375 1488 1522 1552; x_wconf 89' lang='lat' dir='ltr'><strong>illae</strong></span> <span class='ocrx_word' id='word_1_86' title='bbox 1570 1491 1836 1553; x_wconf 88' lang='lat' dir='ltr'><strong>seminis</strong></span> <span class='ocrx_word' id='word_1_87' title='bbox 1881 1491 2105 1552; x_wconf 85' lang='lat' dir='ltr'><strong>adorei</strong></span> <span class='ocrx_word' id='word_1_88' title='bbox 2148 1500 2318 1562; x_wconf 91' lang='lat' dir='ltr'><strong>sunt,</strong></span> <span class='ocrx_word' id='word_1_89' title='bbox 2354 1490 2530 1570; x_wconf 92' lang='lat' dir='ltr'><strong>quod</strong></span> 
     </span>
     <span class='ocr_line' id='line_1_13' title="bbox 712 1595 2558 1677; baseline -0.001 -20"><span class='ocrx_word' id='word_1_90' title='bbox 712 1595 1146 1658; x_wconf 88' lang='lat' dir='ltr'><strong>uennuculum</strong></span> <span class='ocrx_word' id='word_1_91' title='bbox 1193 1609 1454 1670; x_wconf 90' lang='lat' dir='ltr'><strong>uocant,</strong></span> <span class='ocrx_word' id='word_1_92' title='bbox 1504 1617 1621 1659; x_wconf 89' lang='lat' dir='ltr'><strong>seu</strong></span> <span class='ocrx_word' id='word_1_93' title='bbox 1669 1598 1882 1669; x_wconf 87' lang='lat' dir='ltr'><strong>tritici,</strong></span> <span class='ocrx_word' id='word_1_94' title='bbox 1932 1617 2284 1677; x_wconf 90' lang='lat' dir='ltr'><strong>earumque</strong></span> <span class='ocrx_word' id='word_1_95' title='bbox 2331 1606 2558 1677; x_wconf 84' lang='lat' dir='ltr'><strong>tempe</strong></span> 
     </span>
     <span class='ocr_line' id='line_1_14' title="bbox 714 1703 2545 1785; baseline -0.001 -20"><span class='ocrx_word' id='word_1_96' title='bbox 714 1717 830 1780; x_wconf 86' lang='lat' dir='ltr'><strong>est,</strong></span> <span class='ocrx_word' id='word_1_97' title='bbox 883 1724 1031 1765; x_wconf 92' lang='lat' dir='ltr'><strong>cum</strong></span> <span class='ocrx_word' id='word_1_98' title='bbox 1078 1714 1272 1766; x_wconf 90' lang='lat' dir='ltr'><strong>enata</strong></span> <span class='ocrx_word' id='word_1_99' title='bbox 1322 1704 1642 1766; x_wconf 86' lang='lat' dir='ltr'><strong>frumenta</strong></span> <span class='ocrx_word' id='word_1_100' title='bbox 1690 1717 1996 1785; x_wconf 90' lang='lat' dir='ltr'><strong>quattuor</strong></span> <span class='ocrx_word' id='word_1_101' title='bbox 2042 1703 2348 1766; x_wconf 88' lang='lat' dir='ltr'><strong>fibrarum</strong></span> <span class='ocrx_word' id='word_1_102' title='bbox 2398 1723 2545 1764; x_wconf 91' lang='lat' dir='ltr'><strong>esse</strong></span> 
     </span>
     <span class='ocr_line' id='line_1_15' title="bbox 713 1810 2561 1891; baseline 0 -20"><span class='ocrx_word' id='word_1_103' title='bbox 713 1810 1033 1872; x_wconf 87' lang='lat' dir='ltr'><strong>hordeum</strong></span> <span class='ocrx_word' id='word_1_104' title='bbox 1081 1831 1343 1891; x_wconf 89' lang='lat' dir='ltr'><strong>quoque</strong></span> <span class='ocrx_word' id='word_1_105' title='bbox 1395 1823 1736 1884; x_wconf 88' lang='lat' dir='ltr'><strong>maturum,</strong></span> <span class='ocrx_word' id='word_1_106' title='bbox 1789 1812 2023 1891; x_wconf 86' lang='lat' dir='ltr'><strong>quibus</strong></span> <span class='ocrx_word' id='word_1_107' title='bbox 2061 1823 2358 1890; x_wconf 85' lang='lat' dir='ltr'><strong>superest</strong></span> <span class='ocrx_word' id='word_1_108' title='bbox 2389 1821 2561 1891; x_wconf 73' lang='lat' dir='ltr'><strong>‘open</strong></span> 
     </span>
     <span class='ocr_line' id='line_1_16' title="bbox 638 1916 2560 1991; baseline -0.001 -13"><span class='ocrx_word' id='word_1_109' title='bbox 638 1946 693 1991; x_wconf 85' lang='lat'><strong>15</strong></span> <span class='ocrx_word' id='word_1_110' title='bbox 714 1938 892 1979; x_wconf 91' lang='lat' dir='ltr'><strong>mum</strong></span> <span class='ocrx_word' id='word_1_111' title='bbox 941 1919 1139 1979; x_wconf 89' lang='lat' dir='ltr'><strong>sarire</strong></span> <span class='ocrx_word' id='word_1_112' title='bbox 1186 1917 1541 1980; x_wconf 89' lang='lat' dir='ltr'><strong>debebunt.</strong></span> <span class='ocrx_word' id='word_1_113' title='bbox 1624 1918 1742 1979; x_wconf 93' lang='lat' dir='ltr'><strong>sed</strong></span> <span class='ocrx_word' id='word_1_114' title='bbox 1784 1929 1850 1980; x_wconf 93' lang='lat' dir='ltr'><strong>et</strong></span> <span class='ocrx_word' id='word_1_115' title='bbox 1884 1916 2037 1980; x_wconf 86' lang='lat' dir='ltr'><strong>faba</strong></span> <span class='ocrx_word' id='word_1_116' title='bbox 2067 1918 2347 1979; x_wconf 88' lang='lat' dir='ltr'><strong>eandem</strong></span> <span class='ocrx_word' id='word_1_117' title='bbox 2379 1917 2560 1980; x_wconf 86' lang='lat' dir='ltr'><strong>cultu</strong></span> 
     </span>
     <span class='ocr_line' id='line_1_17' title="bbox 713 2023 2554 2106; baseline -0.001 -20"><span class='ocrx_word' id='word_1_118' title='bbox 713 2026 764 2086; x_wconf 90' lang='lat' dir='ltr'><strong>si</strong></span> <span class='ocrx_word' id='word_1_119' title='bbox 816 2026 946 2086; x_wconf 89' lang='lat' dir='ltr'><strong>iam</strong></span> <span class='ocrx_word' id='word_1_120' title='bbox 996 2023 1307 2086; x_wconf 88' lang='lat' dir='ltr'><strong>coliculus</strong></span> <span class='ocrx_word' id='word_1_121' title='bbox 1352 2026 1495 2087; x_wconf 88' lang='lat' dir='ltr'><strong>eius</strong></span> <span class='ocrx_word' id='word_1_122' title='bbox 1542 2026 1606 2085; x_wconf 88' lang='lat' dir='ltr'><strong>in</strong></span> <span class='ocrx_word' id='word_1_123' title='bbox 1644 2036 1950 2105; x_wconf 86' lang='lat' dir='ltr'><strong>quattuor</strong></span> <span class='ocrx_word' id='word_1_124' title='bbox 1980 2024 2224 2106; x_wconf 85' lang='lat' dir='ltr'><strong>digitos</strong></span> <span class='ocrx_word' id='word_1_125' title='bbox 2256 2023 2554 2086; x_wconf 90' lang='lat' dir='ltr'><strong>altitudin</strong></span> 
     </span>
     <span class='ocr_line' id='line_1_18' title="bbox 715 2131 2561 2212; baseline -0.001 -19"><span class='ocrx_word' id='word_1_126' title='bbox 715 2152 866 2193; x_wconf 87' lang='lat' dir='ltr'><strong>nam</strong></span> <span class='ocrx_word' id='word_1_127' title='bbox 941 2132 1119 2212; x_wconf 89' lang='lat' dir='ltr'><strong>prius</strong></span> <span class='ocrx_word' id='word_1_128' title='bbox 1184 2132 1463 2193; x_wconf 88' lang='lat' dir='ltr'><strong>saruisse</strong></span> <span class='ocrx_word' id='word_1_129' title='bbox 1512 2133 1779 2193; x_wconf 91' lang='lat' dir='ltr'><strong>nimium</strong></span> <span class='ocrx_word' id='word_1_130' title='bbox 1831 2142 2120 2194; x_wconf 87' lang='lat' dir='ltr'><strong>teneram</strong></span> <span class='ocrx_word' id='word_1_131' title='bbox 2169 2151 2299 2193; x_wconf 91' lang='lat' dir='ltr'><strong>non</strong></span> <span class='ocrx_word' id='word_1_132' title='bbox 2348 2131 2561 2212; x_wconf 86' lang='lat' dir='ltr'><strong>exped</strong></span> 
     </span>
     <span class='ocr_line' id='line_1_19' title="bbox 717 2237 2563 2319; baseline -0.001 -20"><span class='ocrx_word' id='word_1_133' title='bbox 717 2237 946 2300; x_wconf 87' lang='lat' dir='ltr'><strong>melius</strong></span> <span class='ocrx_word' id='word_1_134' title='bbox 1007 2238 1270 2319; x_wconf 89' lang='lat' dir='ltr'><strong>quidem</strong></span> <span class='ocrx_word' id='word_1_135' title='bbox 1333 2240 1547 2319; x_wconf 90' lang='lat' dir='ltr'><strong>priore</strong></span> <span class='ocrx_word' id='word_1_136' title='bbox 1605 2259 1830 2300; x_wconf 89' lang='lat' dir='ltr'><strong>mense</strong></span> <span class='ocrx_word' id='word_1_137' title='bbox 1878 2259 1998 2301; x_wconf 88' lang='lat' dir='ltr'><strong>nec</strong></span> <span class='ocrx_word' id='word_1_138' title='bbox 2047 2250 2264 2300; x_wconf 87' lang='lat' dir='ltr'><strong>tamen</strong></span> <span class='ocrx_word' id='word_1_139' title='bbox 2314 2238 2563 2319; x_wconf 64' lang='lat' dir='ltr'><strong>inprobe</strong></span> 
     </span>
     <span class='ocr_line' id='line_1_20' title="bbox 716 2344 2537 2426; baseline 0.001 -20"><span class='ocrx_word' id='word_1_140' title='bbox 716 2344 816 2406; x_wconf 88' lang='lat' dir='ltr'><strong>uel</strong></span> <span class='ocrx_word' id='word_1_141' title='bbox 868 2347 1172 2426; x_wconf 84' lang='lat' dir='ltr'><strong>proximo</strong></span> <span class='ocrx_word' id='word_1_142' title='bbox 1218 2365 1524 2407; x_wconf 72' lang='lat' dir='ltr'><strong>serenius,</strong></span> <span class='ocrx_word' id='word_1_143' title='bbox 1600 2366 1749 2409; x_wconf 90' lang='lat' dir='ltr'><strong>nam</strong></span> <span class='ocrx_word' id='word_1_144' title='bbox 1811 2346 2049 2407; x_wconf 89' lang='lat' dir='ltr'><strong>Martio</strong></span> <span class='ocrx_word' id='word_1_145' title='bbox 2116 2344 2293 2407; x_wconf 87' lang='lat' dir='ltr'><strong>nullo</strong></span> <span class='ocrx_word' id='word_1_146' title='bbox 2338 2346 2537 2407; x_wconf 89' lang='lat' dir='ltr'><strong>modo</strong></span> 
     </span>
     <span class='ocr_line' id='line_1_21' title="bbox 633 2452 2563 2533; baseline 0.002 -23"><span class='ocrx_word' id='word_1_147' title='bbox 633 2480 695 2510; x_wconf 83' lang='lat'><strong>20</strong></span> <span class='ocrx_word' id='word_1_148' title='bbox 717 2452 1105 2514; x_wconf 90' lang='lat' dir='ltr'><strong>mittendum</strong></span> <span class='ocrx_word' id='word_1_149' title='bbox 1167 2472 1313 2514; x_wconf 89' lang='lat' dir='ltr'><strong>esse</strong></span> <span class='ocrx_word' id='word_1_150' title='bbox 1373 2454 1592 2515; x_wconf 87' lang='lat' dir='ltr'><strong>rustici</strong></span> <span class='ocrx_word' id='word_1_151' title='bbox 1640 2454 2064 2533; x_wconf 88' lang='lat' dir='ltr'><strong>praecipiunt.</strong></span> <span class='ocrx_word' id='word_1_152' title='bbox 2140 2453 2388 2527; x_wconf 89' lang='lat' dir='ltr'><strong>uineae,</strong></span> <span class='ocrx_word' id='word_1_153' title='bbox 2439 2473 2563 2533; x_wconf 90' lang='lat' dir='ltr'><strong>qua</strong></span> 
     </span>
     <span class='ocr_line' id='line_1_22' title="bbox 718 2539 2542 2640; baseline 0.001 -21"><span class='ocrx_word' id='word_1_154' title='bbox 718 2558 887 2622; x_wconf 85' lang='lat' dir='ltr'><strong>latae</strong></span> <span class='ocrx_word' id='word_1_155' title='bbox 953 2572 1019 2621; x_wconf 97' lang='lat' dir='ltr'><strong>et</strong></span> <span class='ocrx_word' id='word_1_156' title='bbox 1085 2559 1342 2640; x_wconf 84' lang='lat' dir='ltr'><strong>ligatae,</strong></span> <span class='ocrx_word' id='word_1_157' title='bbox 1412 2572 1587 2622; x_wconf 91' lang='lat' dir='ltr'><strong>recte</strong></span> <span class='ocrx_word' id='word_1_158' title='bbox 1654 2562 1780 2622; x_wconf 85' lang='lat' dir='ltr'><strong>iam</strong></span> <span class='ocrx_word' id='word_1_159' title='bbox 1850 2539 2198 2622; x_wconf 75' lang='lat' dir='ltr'><strong>fodiuntur.</strong></span> <span class='ocrx_word' id='word_1_160' title='bbox 2287 2559 2542 2632; x_wconf 85' lang='lat' dir='ltr'><strong>surculi,</strong></span> 
     </span>
     <span class='ocr_line' id='line_1_23' title="bbox 718 2666 2565 2743; baseline 0 -16"><span class='ocrx_word' id='word_1_161' title='bbox 718 2666 943 2729; x_wconf 88' lang='lat' dir='ltr'><strong>florem</strong></span> <span class='ocrx_word' id='word_1_162' title='bbox 1007 2667 1327 2743; x_wconf 84' lang='lat' dir='ltr'><strong>adferunt,</strong></span> <span class='ocrx_word' id='word_1_163' title='bbox 1388 2669 1610 2729; x_wconf 86' lang='lat' dir='ltr'><strong>statim</strong></span> <span class='ocrx_word' id='word_1_164' title='bbox 1659 2668 1830 2730; x_wconf 88' lang='lat' dir='ltr'><strong>circa</strong></span> <span class='ocrx_word' id='word_1_165' title='bbox 1877 2668 2033 2729; x_wconf 92' lang='lat' dir='ltr'><strong>Idus</strong></span> <span class='ocrx_word' id='word_1_166' title='bbox 2077 2667 2404 2729; x_wconf 88' lang='lat' dir='ltr'><strong>inserendi</strong></span> <span class='ocrx_word' id='word_1_167' title='bbox 2451 2686 2565 2727; x_wconf 90' lang='lat' dir='ltr'><strong>sun</strong></span> 
     </span>
     <span class='ocr_line' id='line_1_24' title="bbox 716 2775 2514 2855; baseline -0.001 -20"><span class='ocrx_word' id='word_1_168' title='bbox 716 2775 977 2846; x_wconf 71' lang='lat' dir='ltr'><strong>simum,</strong></span> <span class='ocrx_word' id='word_1_169' title='bbox 1037 2775 1357 2846; x_wconf 85' lang='lat' dir='ltr'><strong>tuburum,</strong></span> <span class='ocrx_word' id='word_1_170' title='bbox 1418 2775 1917 2855; x_wconf 86' lang='lat' dir='ltr'><strong>amygdalorum</strong></span> <span class='ocrx_word' id='word_1_171' title='bbox 1968 2776 2514 2855; x_wconf 87' lang='lat' dir='ltr'><strong>persicorumque.</strong></span> 
     </span>
     <span class='ocr_line' id='line_1_25' title="bbox 718 2880 2565 2962; baseline 0 -21"><span class='ocrx_word' id='word_1_172' title='bbox 718 2883 911 2943; x_wconf 90' lang='lat' dir='ltr'><strong>etiam</strong></span> <span class='ocrx_word' id='word_1_173' title='bbox 964 2880 1129 2962; x_wconf 88' lang='lat' dir='ltr'><strong>palis</strong></span> <span class='ocrx_word' id='word_1_174' title='bbox 1176 2881 1602 2944; x_wconf 83' lang='lat' dir='ltr'><strong>conficiendis</strong></span> <span class='ocrx_word' id='word_1_175' title='bbox 1649 2882 1955 2944; x_wconf 89' lang='lat' dir='ltr'><strong>idoneum</strong></span> <span class='ocrx_word' id='word_1_176' title='bbox 2004 2893 2264 2962; x_wconf 89' lang='lat' dir='ltr'><strong>tempus</strong></span> <span class='ocrx_word' id='word_1_177' title='bbox 2311 2893 2429 2953; x_wconf 89' lang='lat' dir='ltr'><strong>est,</strong></span> <span class='ocrx_word' id='word_1_178' title='bbox 2491 2901 2565 2941; x_wconf 88' lang='lat' dir='ltr'><strong>ne</strong></span> 
     </span>
     <span class='ocr_line' id='line_1_26' title="bbox 635 2988 2565 3058; baseline 0.001 -13"><span class='ocrx_word' id='word_1_179' title='bbox 635 3014 696 3058; x_wconf 83' lang='lat'><strong>25</strong></span> <span class='ocrx_word' id='word_1_180' title='bbox 719 2988 1015 3051; x_wconf 87' lang='lat' dir='ltr'><strong>aedificia</strong></span> <span class='ocrx_word' id='word_1_181' title='bbox 1079 2990 1413 3051; x_wconf 88' lang='lat' dir='ltr'><strong>succidere</strong></span> <span class='ocrx_word' id='word_1_182' title='bbox 1478 2989 1779 3050; x_wconf 85' lang='lat' dir='ltr'><strong>arborem</strong></span> <span class='ocrx_word' id='word_1_183' title='bbox 1840 2990 2163 3050; x_wconf 89' lang='lat' dir='ltr'><strong>conuenit.</strong></span> <span class='ocrx_word' id='word_1_184' title='bbox 2246 2988 2363 3050; x_wconf 86' lang='lat' dir='ltr'><strong>sed</strong></span> <span class='ocrx_word' id='word_1_185' title='bbox 2412 2999 2565 3049; x_wconf 74' lang='lat' dir='ltr'><strong>utra·</strong></span> 
     </span>
     <span class='ocr_line' id='line_1_27' title="bbox 718 3094 2565 3176; baseline 0.001 -20"><span class='ocrx_word' id='word_1_186' title='bbox 718 3094 877 3157; x_wconf 86' lang='lat' dir='ltr'><strong>fiunt</strong></span> <span class='ocrx_word' id='word_1_187' title='bbox 945 3094 1094 3157; x_wconf 88' lang='lat' dir='ltr'><strong>luna</strong></span> <span class='ocrx_word' id='word_1_188' title='bbox 1159 3096 1584 3157; x_wconf 89' lang='lat' dir='ltr'><strong>decrescente</strong></span> <span class='ocrx_word' id='word_1_189' title='bbox 1644 3097 1728 3158; x_wconf 89' lang='lat' dir='ltr'><strong>ab</strong></span> <span class='ocrx_word' id='word_1_190' title='bbox 1787 3097 2098 3158; x_wconf 89' lang='lat' dir='ltr'><strong>uicesima</strong></span> <span class='ocrx_word' id='word_1_191' title='bbox 2161 3116 2364 3176; x_wconf 90' lang='lat' dir='ltr'><strong>usque</strong></span> <span class='ocrx_word' id='word_1_192' title='bbox 2421 3097 2483 3157; x_wconf 91' lang='lat' dir='ltr'><strong>in</strong></span> <span class='ocrx_word' id='word_1_193' title='bbox 2541 3107 2565 3157; x_wconf 92' lang='lat' dir='ltr'><strong>t</strong></span> 
     </span>
    </p>
   </div>
   <div class='ocr_carea' id='block_1_3' title="bbox 716 3240 2565 3927">
    <p class='ocr_par' dir='ltr' id='par_1_3' title="bbox 716 3240 2565 3927">
     <span class='ocr_line' id='line_1_28' title="bbox 868 3240 2534 3298; baseline 0.001 -13"><span class='ocrx_word' id='word_1_194' title='bbox 868 3255 885 3285; x_wconf 86' lang='lat'>1</span> <span class='ocrx_word' id='word_1_195' title='bbox 933 3255 1047 3286; x_wconf 87' lang='lat' dir='ltr'><strong>cum</strong></span> <span class='ocrx_word' id='word_1_196' title='bbox 1087 3240 1291 3287; x_wconf 87' lang='lat' dir='ltr'><strong>demum</strong></span> <span class='ocrx_word' id='word_1_197' title='bbox 1333 3242 1415 3288; x_wconf 71' lang='lat' dir='ltr'><strong>AR</strong></span> <span class='ocrx_word' id='word_1_198' title='bbox 1563 3256 1593 3298; x_wconf 86' lang='lat'><strong>3</strong></span> <span class='ocrx_word' id='word_1_199' title='bbox 1634 3240 1854 3286; x_wconf 83' lang='lat' dir='ltr'><strong>defenda</strong></span> <span class='ocrx_word' id='word_1_200' title='bbox 1892 3242 1929 3288; x_wconf 79' lang='lat' dir='ltr'>A</span> <span class='ocrx_word' id='word_1_201' title='bbox 1971 3240 2289 3287; x_wconf 74' lang='lat' dir='ltr'><strong>defensanda</strong></span> <span class='ocrx_word' id='word_1_202' title='bbox 2325 3242 2358 3286; x_wconf 82' lang='lat' dir='ltr'><strong>d</strong></span> <span class='ocrx_word' id='word_1_203' title='bbox 2506 3255 2534 3298; x_wconf 85' lang='lat'>5</span> 
     </span>
     <span class='ocr_line' id='line_1_29' title="bbox 863 3329 2565 3389; baseline -0.002 -13"><span class='ocrx_word' id='word_1_204' title='bbox 863 3329 1177 3389; x_wconf 84' lang='lat' dir='ltr'><strong>ueruagendi</strong></span> <span class='ocrx_word' id='word_1_205' title='bbox 1217 3344 1250 3376; x_wconf 78' lang='lat' dir='ltr'><strong>a</strong></span> <span class='ocrx_word' id='word_1_206' title='bbox 1300 3329 1631 3388; x_wconf 80' lang='lat' dir='ltr'><strong>ueruagiendi</strong></span> <span class='ocrx_word' id='word_1_207' title='bbox 1670 3330 1744 3376; x_wconf 70' lang='lat' dir='ltr'><strong>SA</strong></span> <span class='ocrx_word' id='word_1_208' title='bbox 1791 3344 1919 3376; x_wconf 85' lang='lat' dir='ltr'><strong>uero</strong></span> <span class='ocrx_word' id='word_1_209' title='bbox 1958 3329 2140 3387; x_wconf 71' lang='lat' dir='ltr'><strong>agendi</strong></span> <span class='ocrx_word' id='word_1_210' title='bbox 2180 3331 2221 3376; x_wconf 81' lang='lat' dir='ltr'>R</span> <span class='ocrx_word' id='word_1_211' title='bbox 2369 3332 2401 3376; x_wconf 92' lang='lat'><strong>6</strong></span> <span class='ocrx_word' id='word_1_212' title='bbox 2441 3329 2565 3375; x_wconf 68' lang='lat' dir='ltr'><strong>eeerb·</strong></span> 
     </span>
     <span class='ocr_line' id='line_1_30' title="bbox 718 3417 2564 3478; baseline 0 -15"><span class='ocrx_word' id='word_1_213' title='bbox 718 3427 817 3463; x_wconf 86' lang='lat' dir='ltr'><strong>tem</strong></span> <span class='ocrx_word' id='word_1_214' title='bbox 858 3417 1028 3478; x_wconf 85' lang='lat' dir='ltr'><strong>primo</strong></span> <span class='ocrx_word' id='word_1_215' title='bbox 1066 3425 1311 3464; x_wconf 80' lang='lat' dir='ltr'><strong>autumno</strong></span> <span class='ocrx_word' id='word_1_216' title='bbox 1352 3418 1528 3465; x_wconf 82' lang='lat' dir='ltr'><strong>arandi</strong></span> <span class='ocrx_word' id='word_1_217' title='bbox 1567 3434 1669 3464; x_wconf 86' lang='lat' dir='ltr'><strong>om.</strong></span> <span class='ocrx_word' id='word_1_218' title='bbox 1708 3420 1780 3465; x_wconf 75' lang='lat' dir='ltr'><strong>SA</strong></span> <span class='ocrx_word' id='word_1_219' title='bbox 1928 3428 2173 3465; x_wconf 85' lang='lat' dir='ltr'><strong>autumno</strong></span> <span class='ocrx_word' id='word_1_220' title='bbox 2199 3432 2232 3477; x_wconf 81' lang='lat' dir='ltr'>p</span> <span class='ocrx_word' id='word_1_221' title='bbox 2268 3417 2358 3465; x_wconf 56' lang='lat' dir='ltr'><strong>aut</strong></span> <span class='ocrx_word' id='word_1_222' title='bbox 2393 3417 2457 3464; x_wconf 76' lang='grc' dir='ltr'><strong>ηδ</strong></span> <span class='ocrx_word' id='word_1_223' title='bbox 2484 3419 2564 3464; x_wconf 84' lang='lat' dir='ltr'><strong>uel</strong></span> 
     </span>
     <span class='ocr_line' id='line_1_31' title="bbox 864 3505 2535 3567; baseline -0.001 -13"><span class='ocrx_word' id='word_1_224' title='bbox 864 3522 891 3566; x_wconf 91' lang='lat'><strong>7</strong></span> <span class='ocrx_word' id='word_1_225' title='bbox 934 3517 985 3554; x_wconf 86' lang='lat' dir='ltr'><strong>et</strong></span> <span class='ocrx_word' id='word_1_226' title='bbox 1012 3523 1113 3553; x_wconf 84' lang='lat' dir='ltr'><strong>om.</strong></span> <span class='ocrx_word' id='word_1_227' title='bbox 1141 3509 1175 3554; x_wconf 86' lang='lat' dir='ltr'><strong>b</strong></span> <span class='ocrx_word' id='word_1_228' title='bbox 1326 3523 1387 3554; x_wconf 89' lang='lat'><strong>10</strong></span> <span class='ocrx_word' id='word_1_229' title='bbox 1417 3508 1665 3567; x_wconf 86' lang='lat' dir='ltr'><strong>eodemq;</strong></span> <span class='ocrx_word' id='word_1_230' title='bbox 1692 3509 1736 3555; x_wconf 80' lang='lat' dir='ltr'>R</span> <span class='ocrx_word' id='word_1_231' title='bbox 1881 3506 1943 3555; x_wconf 79' lang='lat' dir='ltr'><strong>kt</strong></span> <span class='ocrx_word' id='word_1_232' title='bbox 1980 3506 2265 3554; x_wconf 73' lang='lat' dir='ltr'><strong>februarias</strong></span> <span class='ocrx_word' id='word_1_233' title='bbox 2291 3509 2324 3552; x_wconf 80' lang='lat' dir='ltr'>S</span> <span class='ocrx_word' id='word_1_234' title='bbox 2363 3508 2413 3553; x_wconf 80' lang='lat' dir='ltr'><strong>kl</strong></span> <span class='ocrx_word' id='word_1_235' title='bbox 2446 3505 2535 3553; x_wconf 79' lang='lat' dir='ltr'><strong>feb</strong></span> 
     </span>
     <span class='ocr_line' id='line_1_32' title="bbox 716 3595 2540 3658; baseline 0.001 -17"><span class='ocrx_word' id='word_1_236' title='bbox 716 3597 761 3646; x_wconf 88' lang='lat' dir='ltr'><strong>(s</strong></span> <span class='ocrx_word' id='word_1_237' title='bbox 798 3613 838 3642; x_wconf 83' lang='lat' dir='ltr'><strong>s.</strong></span> <span class='ocrx_word' id='word_1_238' title='bbox 880 3612 930 3643; x_wconf 80' lang='lat' dir='ltr'><strong>ee.</strong></span> <span class='ocrx_word' id='word_1_239' title='bbox 966 3604 1182 3658; x_wconf 73' lang='lat' dir='ltr'><strong>pracsrr.</strong></span> <span class='ocrx_word' id='word_1_240' title='bbox 1222 3613 1290 3642; x_wconf 87' lang='lat' dir='ltr'><strong>m.</strong></span> <span class='ocrx_word' id='word_1_241' title='bbox 1332 3599 1441 3650; x_wconf 81' lang='lat' dir='ltr'><strong>rec.)</strong></span> <span class='ocrx_word' id='word_1_242' title='bbox 1481 3598 1519 3644; x_wconf 77' lang='lat' dir='ltr'>A</span> <span class='ocrx_word' id='word_1_243' title='bbox 1673 3612 1728 3644; x_wconf 91' lang='lat'><strong>11</strong></span> <span class='ocrx_word' id='word_1_244' title='bbox 1777 3597 2115 3644; x_wconf 82' lang='lat' dir='ltr'><strong>uennuculum</strong></span> <span class='ocrx_word' id='word_1_245' title='bbox 2157 3598 2339 3658; x_wconf 77' lang='lat' dir='ltr'><strong>scripsi</strong></span> <span class='ocrx_word' id='word_1_246' title='bbox 2370 3613 2431 3642; x_wconf 73' lang='lat' dir='ltr'><strong>m·</strong></span> <span class='ocrx_word' id='word_1_247' title='bbox 2467 3595 2540 3650; x_wconf 84' lang='lat' dir='ltr'><strong>II,</strong></span> 
     </span>
     <span class='ocr_line' id='line_1_33' title="bbox 721 3683 2470 3744; baseline 0.002 -14"><span class='ocrx_word' id='word_1_248' title='bbox 721 3683 1019 3732; x_wconf 75' lang='lat' dir='ltr'><strong>Buclmero:</strong></span> <span class='ocrx_word' id='word_1_249' title='bbox 1045 3686 1381 3732; x_wconf 78' lang='lat' dir='ltr'><strong>uennaculum</strong></span> <span class='ocrx_word' id='word_1_250' title='bbox 1409 3686 1481 3734; x_wconf 70' lang='lat' dir='ltr'><strong>SA</strong></span> <span class='ocrx_word' id='word_1_251' title='bbox 1511 3687 1841 3733; x_wconf 83' lang='lat' dir='ltr'><strong>uernaculum</strong></span> <span class='ocrx_word' id='word_1_252' title='bbox 1871 3688 1912 3733; x_wconf 81' lang='lat' dir='ltr'>R</span> <span class='ocrx_word' id='word_1_253' title='bbox 2066 3701 2125 3731; x_wconf 82' lang='lat'><strong>12</strong></span> <span class='ocrx_word' id='word_1_254' title='bbox 2154 3698 2397 3744; x_wconf 87' lang='lat' dir='ltr'><strong>eorumq;</strong></span> <span class='ocrx_word' id='word_1_255' title='bbox 2426 3687 2470 3734; x_wconf 82' lang='lat' dir='ltr'><strong>R</strong></span> 
     </span>
     <span class='ocr_line' id='line_1_34' title="bbox 721 3767 2565 3832; baseline 0.001 -13"><span class='ocrx_word' id='word_1_256' title='bbox 721 3775 753 3820; x_wconf 74' lang='lat' dir='ltr'>A</span> <span class='ocrx_word' id='word_1_257' title='bbox 786 3789 917 3820; x_wconf 84' lang='lat' dir='ltr'><strong>nunc</strong></span> <span class='ocrx_word' id='word_1_258' title='bbox 946 3775 1151 3821; x_wconf 86' lang='lat' dir='ltr'><strong>demum</strong></span> <span class='ocrx_word' id='word_1_259' title='bbox 1179 3776 1223 3822; x_wconf 75' lang='lat' dir='ltr'>R</span> <span class='ocrx_word' id='word_1_260' title='bbox 1262 3790 1363 3821; x_wconf 82' lang='lat' dir='ltr'><strong>nun</strong></span> <span class='ocrx_word' id='word_1_261' title='bbox 1394 3774 1598 3822; x_wconf 86' lang='lat' dir='ltr'><strong>demum</strong></span> <span class='ocrx_word' id='word_1_262' title='bbox 1629 3775 1675 3832; x_wconf 90' lang='lat' dir='ltr'><strong>(c</strong></span> <span class='ocrx_word' id='word_1_263' title='bbox 1701 3790 1742 3822; x_wconf 84' lang='lat' dir='ltr'><strong>s.</strong></span> <span class='ocrx_word' id='word_1_264' title='bbox 1770 3775 1855 3821; x_wconf 79' lang='lat' dir='ltr'><strong>alt.</strong></span> <span class='ocrx_word' id='word_1_265' title='bbox 1883 3792 1913 3821; x_wconf 86' lang='lat' dir='ltr'><strong>n</strong></span> <span class='ocrx_word' id='word_1_266' title='bbox 1940 3791 2033 3821; x_wconf 85' lang='lat' dir='ltr'><strong>scr.</strong></span> <span class='ocrx_word' id='word_1_267' title='bbox 2066 3767 2162 3830; x_wconf 47' lang='grc' dir='ltr'><strong>ηιξ)</strong></span> <span class='ocrx_word' id='word_1_268' title='bbox 2186 3777 2218 3820; x_wconf 80' lang='grc'><strong>8</strong></span> <span class='ocrx_word' id='word_1_269' title='bbox 2245 3790 2337 3821; x_wconf 68' lang='lat' dir='ltr'><strong>nee·</strong></span> <span class='ocrx_word' id='word_1_270' title='bbox 2365 3775 2565 3821; x_wconf 86' lang='lat' dir='ltr'><strong>demum</strong></span> 
     </span>
     <span class='ocr_line' id='line_1_35' title="bbox 865 3862 2551 3927; baseline 0 -18"><span class='ocrx_word' id='word_1_271' title='bbox 865 3879 925 3923; x_wconf 83' lang='lat'><strong>15</strong></span> <span class='ocrx_word' id='word_1_272' title='bbox 967 3863 1157 3910; x_wconf 81' lang='lat' dir='ltr'><strong>sarrire</strong></span> <span class='ocrx_word' id='word_1_273' title='bbox 1195 3865 1269 3911; x_wconf 71' lang='lat' dir='ltr'><strong>SA</strong></span> <span class='ocrx_word' id='word_1_274' title='bbox 1422 3869 1482 3910; x_wconf 89' lang='lat'><strong>16</strong></span> <span class='ocrx_word' id='word_1_275' title='bbox 1522 3864 1685 3912; x_wconf 87' lang='lat' dir='ltr'><strong>creuit</strong></span> <span class='ocrx_word' id='word_1_276' title='bbox 1722 3867 1754 3910; x_wconf 77' lang='lat' dir='ltr'>S</span> <span class='ocrx_word' id='word_1_277' title='bbox 1907 3880 1962 3924; x_wconf 88' lang='lat'><strong>17</strong></span> <span class='ocrx_word' id='word_1_278' title='bbox 2006 3862 2134 3910; x_wconf 51' lang='lat' dir='ltr'><strong>eru&amp;</strong></span> <span class='ocrx_word' id='word_1_279' title='bbox 2175 3864 2329 3927; x_wconf 79' lang='lat' dir='ltr'><strong>qdem</strong></span> <span class='ocrx_word' id='word_1_280' title='bbox 2371 3863 2551 3911; x_wconf 85' lang='lat' dir='ltr'><strong>melius</strong></span> 
     </span>
    </p>
   </div>
   <div class='ocr_carea' id='block_1_4' title="bbox 719 3952 2554 4280">
    <p class='ocr_par' dir='ltr' id='par_1_4' title="bbox 719 3952 2544 4101">
     <span class='ocr_line' id='line_1_36' title="bbox 719 3952 2544 4014; baseline 0.002 -19"><span class='ocrx_word' id='word_1_281' title='bbox 719 3953 879 4009; x_wconf 84' lang='lat' dir='ltr'><strong>probe</strong></span> <span class='ocrx_word' id='word_1_282' title='bbox 920 3952 1040 4000; x_wconf 76' lang='lat' dir='ltr'><strong>SAR</strong></span> <span class='ocrx_word' id='word_1_283' title='bbox 1230 3968 1289 4011; x_wconf 88' lang='lat'><strong>19</strong></span> <span class='ocrx_word' id='word_1_284' title='bbox 1328 3952 1567 4013; x_wconf 85' lang='lat' dir='ltr'><strong>proximo</strong></span> <span class='ocrx_word' id='word_1_285' title='bbox 1607 3968 1841 4000; x_wconf 74' lang='lat' dir='ltr'><strong>Seremus</strong></span> <span class='ocrx_word' id='word_1_286' title='bbox 1880 3955 2001 4011; x_wconf 80' lang='lat' dir='ltr'><strong>bmp</strong></span> <span class='ocrx_word' id='word_1_287' title='bbox 2049 3953 2288 4014; x_wconf 85' lang='lat' dir='ltr'><strong>proximo</strong></span> <span class='ocrx_word' id='word_1_288' title='bbox 2329 3968 2544 3999; x_wconf 55' lang='lat' dir='ltr'><strong>serenus</strong></span> 
     </span>
     <span class='ocr_line' id='line_1_37' title="bbox 721 4042 2536 4101; baseline 0.002 -16"><span class='ocrx_word' id='word_1_289' title='bbox 721 4055 953 4089; x_wconf 68' lang='lat' dir='ltr'><strong>§eremus</strong></span> <span class='ocrx_word' id='word_1_290' title='bbox 979 4042 1064 4089; x_wconf 78' lang='lat' dir='ltr'><strong>AR</strong></span> <span class='ocrx_word' id='word_1_291' title='bbox 1211 4042 1630 4089; x_wconf 84' lang='lat' dir='ltr'><strong>committendum</strong></span> <span class='ocrx_word' id='word_1_292' title='bbox 1657 4044 1776 4090; x_wconf 70' lang='lat' dir='ltr'><strong>SAR</strong></span> <span class='ocrx_word' id='word_1_293' title='bbox 1921 4059 1987 4088; x_wconf 84' lang='lat'><strong>20</strong></span> <span class='ocrx_word' id='word_1_294' title='bbox 2014 4051 2132 4090; x_wconf 88' lang='lat' dir='ltr'><strong>sunt</strong></span> <span class='ocrx_word' id='word_1_295' title='bbox 2159 4059 2262 4088; x_wconf 84' lang='lat' dir='ltr'><strong>om.</strong></span> <span class='ocrx_word' id='word_1_296' title='bbox 2290 4045 2388 4101; x_wconf 79' lang='lat' dir='ltr'><strong>edq</strong></span> <span class='ocrx_word' id='word_1_297' title='bbox 2419 4051 2536 4089; x_wconf 85' lang='lat' dir='ltr'><strong>sunt</strong></span> 
     </span>
    </p>

    <p class='ocr_par' dir='ltr' id='par_1_5' title="bbox 722 4130 2554 4280">
     <span class='ocr_line' id='line_1_38' title="bbox 859 4130 2554 4190; baseline 0 -14"><span class='ocrx_word' id='word_1_298' title='bbox 859 4145 927 4176; x_wconf 82' lang='lat'><strong>22</strong></span> <span class='ocrx_word' id='word_1_299' title='bbox 955 4130 1181 4177; x_wconf 74' lang='lat' dir='ltr'><strong>afferunt</strong></span> <span class='ocrx_word' id='word_1_300' title='bbox 1204 4133 1248 4178; x_wconf 79' lang='lat' dir='ltr'><strong>R</strong></span> <span class='ocrx_word' id='word_1_301' title='bbox 1396 4147 1462 4190; x_wconf 81' lang='lat'><strong>23</strong></span> <span class='ocrx_word' id='word_1_302' title='bbox 1492 4133 1733 4178; x_wconf 88' lang='lat' dir='ltr'><strong>tuburum</strong></span> <span class='ocrx_word' id='word_1_303' title='bbox 1762 4134 1872 4179; x_wconf 70' lang='lat' dir='ltr'><strong>SAa</strong></span> <span class='ocrx_word' id='word_1_304' title='bbox 1910 4132 2146 4179; x_wconf 87' lang='lat' dir='ltr'><strong>tuberum</strong></span> <span class='ocrx_word' id='word_1_305' title='bbox 2183 4134 2224 4179; x_wconf 79' lang='lat' dir='ltr'>B</span> <span class='ocrx_word' id='word_1_306' title='bbox 2371 4131 2554 4178; x_wconf 74' lang='lat' dir='ltr'><strong>radicis</strong></span> 
     </span>
     <span class='ocr_line' id='line_1_39' title="bbox 722 4218 2537 4280; baseline 0.002 -19"><span class='ocrx_word' id='word_1_307' title='bbox 722 4218 906 4265; x_wconf 71' lang='lat' dir='ltr'><strong>cesinia</strong></span> <span class='ocrx_word' id='word_1_308' title='bbox 934 4233 964 4266; x_wconf 82' lang='lat' dir='ltr'><strong>e</strong></span> <span class='ocrx_word' id='word_1_309' title='bbox 1005 4219 1251 4280; x_wconf 81' lang='lat' dir='ltr'><strong>uigesima</strong></span> <span class='ocrx_word' id='word_1_310' title='bbox 1280 4222 1362 4268; x_wconf 74' lang='lat' dir='ltr'><strong>AR</strong></span> <span class='ocrx_word' id='word_1_311' title='bbox 1401 4236 1467 4266; x_wconf 83' lang='lat' dir='ltr'><strong>xx</strong></span> <span class='ocrx_word' id='word_1_312' title='bbox 1496 4221 1529 4266; x_wconf 84' lang='lat' dir='ltr'>S</span> <span class='ocrx_word' id='word_1_313' title='bbox 1621 4220 1926 4268; x_wconf 74' lang='lat' dir='ltr'><strong>tricesimam</strong></span> <span class='ocrx_word' id='word_1_314' title='bbox 1955 4222 1988 4267; x_wconf 78' lang='lat' dir='ltr'><strong>tl</strong></span> <span class='ocrx_word' id='word_1_315' title='bbox 2027 4236 2131 4266; x_wconf 79' lang='lat' dir='ltr'><strong>xxx</strong></span> <span class='ocrx_word' id='word_1_316' title='bbox 2159 4221 2191 4266; x_wconf 79' lang='lat' dir='ltr'>S</span> <span class='ocrx_word' id='word_1_317' title='bbox 2230 4221 2537 4280; x_wconf 79' lang='lat' dir='ltr'><strong>trigesimam</strong></span> 
     </span>
    </p>
   </div>
   <div class='ocr_carea' id='block_1_5' title="bbox 554 4878 2570 5276">
    <p class='ocr_par' dir='ltr' id='par_1_6' title="bbox 554 4878 2570 5276">
     <span class='ocr_line' id='line_1_40' title="bbox 554 4878 2570 5276; baseline 0 283"><span class='ocrx_word' id='word_1_318' title='bbox 554 4878 2570 5276; x_wconf 95' lang='lat' dir='ltr'><strong> </strong></span> 
     </span>
    </p>
   </div>
  </div>
 </body>
</html>
