3109 5559
285 0 288 153 .
1807 91 1927 158 Rei
1955 91 2234 159 rusticae
2263 90 2378 159 lib.
2413 91 2520 159 111
2552 114 2609 159 c.
2643 114 2716 160 21

375 298 404 346 3
411 298 440 346 5
574 271 619 331 6
655 266 728 334 Si
774 290 935 335 uero
984 267 1547 335 interiectionibus
1594 268 1887 336 fructum
1935 291 2199 355 carpere
2248 270 2593 349 censuerit,
2646 270 2828 356 prim]

486 374 930 462 neglegentiae
994 374 1490 442 uindemiatoris
1553 375 1762 442 aleam
1824 375 2076 456 subeat;
2142 397 2359 463 neque
2422 376 2602 442 enirn
2664 377 2828 463 singu

482 481 762 548 totidem
813 481 1136 548 antistites
1185 482 1393 568 possit
1445 482 1620 561 dare,
1676 482 1792 569 qui
1841 482 2199 549 obseruent
2247 482 2801 570 praecipiantque‚

485 588 754 655 acerbae
790 610 961 654 uuae
998 588 1431 655 demetantur.
1472 588 1712 655 deinde
1747 589 1965 669 etiam,
2006 611 2288 676 quarum
2324 590 2564 656 uitium
2601 591 2828 656 maturi

484 695 799 782 conpetit,
854 716 1010 761 cum
1063 695 1358 762 diuersae
1410 709 1605 762 notae
1656 696 1807 776 sint,
1863 696 2151 762 melioris
2201 710 2432 783 gustus
2484 695 2567 762 ab
2621 696 2827 763 deteri

373 832 440 880 40
484 802 950 888 corrumpitur,
1012 801 1460 889 confususque
1520 802 1591 869 in
1651 825 1863 869 unum
1921 803 2281 869 multarum
2340 825 2535 889 sapor
2592 816 2828 870 uetusti

482 908 836 994 impatiens
866 906 963 987 fit;
997 921 1195 995 atque
1226 908 1376 974 ideo
1408 908 1758 975 necessitas
1789 909 1964 995 cogit
1995 909 2345 995 agricolam
2376 910 2579 976 musti
2609 931 2830 976 annon

285 974 294 1075 i
480 1014 784 1101 experiri,
812 1036 969 1081 cum
992 1014 1355 1101 plurimum
1379 1015 1592 1101 pretio
1617 1015 1901 1095 accedat,
1930 1015 1985 1081 si
2009 1015 2308 1082 uenditio
2332 1015 2440 1082 uel
2464 1015 2534 1082 in
2559 1038 2809 1083 annum

287 1150 288 1185 ι
482 1123 552 1188 in
583 1126 981 1200 aesta<tem>
1013 1135 1187 1188 certe
1218 1120 1466 1188 differri
1495 1122 1721 1208 possit.

569 1246 613 1309 7
658 1228 804 1294 Iam
853 1227 962 1293 illa
1010 1249 1327 1315 generum
1376 1229 1696 1314 separatio
1747 1250 2078 1294 summam
2127 1229 2667 1296 commoditatem
2719 1228 2828 1295 hal

292 1364 305 1399 a
372 1364 435 1413 4⁵
480 1335 668 1422 quod
692 1333 939 1400 uinitor
958 1333 1199 1421 cuique
1219 1334 1474 1401 facilius
1494 1356 1685 1401 suam
1704 1335 2116 1422 putationem
2136 1335 2387 1415 reddet,
2412 1357 2567 1401 cum
2588 1336 2730 1414 scit,
2755 1358 2828 1401 cu

482 1456 678 1508 notae
713 1440 801 1507 sit
834 1439 1084 1520 hortus,
1124 1462 1325 1527 quem
1361 1440 1654 1527 deputat,
1692 1441 1895 1528 idque
1930 1441 2001 1507 in
2023 1441 2458 1508 consemineis
2480 1441 2694 1508 uineis
2716 1441 2828 1508 obs

482 1548 625 1614 uari
677 1545 945 1613 difficile
989 1560 1108 1626 est,
1158 1547 1313 1634 quia
1349 1547 1556 1614 maior
1591 1569 1742 1633 pars
1777 1547 2136 1634 putationis
2172 1569 2290 1634 per
2325 1548 2394 1614 id
2429 1560 2695 1634 tempus
2731 1547 2828 1613 adi

483 1654 820 1732 nistratur,
851 1675 986 1740 quo
1013 1653 1169 1719 uitis
1196 1674 1412 1740 neque
1439 1653 1676 1720 folium
1703 1653 1989 1720 notabile
2017 1653 2202 1740 gerit;
2232 1676 2308 1721 ac
2336 1654 2623 1720 multum
2652 1655 2828 1721 inter«

482 1760 780 1847 plurisne
828 1781 913 1825 an
961 1759 1287 1846 paucioris
1322 1760 1625 1827 materias
1661 1781 1781 1845 pro
1818 1773 2050 1826 natura
2084 1760 2404 1847 cuiusque
2441 1760 2663 1847 stirpis
2698 1760 2828 1825 uini

381 1896 442 1943 50
483 1867 876 1945 summittat,
911 1865 1266 1952 prolixisue
1297 1865 1569 1953 flagellis
1600 1866 1826 1933 incitet
1862 1872 2023 1946 <an>
2058 1879 2333 1953 angusta
2364 1867 2704 1952 putatione
2736 1867 2828 1933 uit

485 1987 804 2040 coerceat.
894 1975 939 2036 8
978 1972 1139 2039 caeli
1196 1976 1655 2060 [quam1quam
1704 1986 1959 2059 partem
2011 1987 2263 2058 spectet
2297 1994 2505 2059 genus
2544 1973 2828 2060 quo<d>‹

483 2080 693 2146 uincti
733 2078 1097 2165 plurimum
1137 2078 1354 2146 refert:
1396 2100 1614 2167 neque
1652 2080 1833 2146 enim
1869 2080 2054 2145 omni
2092 2079 2303 2146 calido
2343 2093 2517 2145 statu
2557 2102 2679 2146 nec
2718 2102 2828 2145 rur

483 2185 726 2273 frigido
759 2184 1052 2265 laetatur,
1086 2185 1203 2251 sed
1234 2198 1332 2252 est
1363 2186 1727 2272 proprietas
1757 2186 1826 2252 in
1857 2185 2155 2266 surculis,
2190 2200 2265 2252 ut
2296 2185 2402 2251 alii
2433 2186 2795 2252 meridiano
2825 2218 2828 2249 ;

484 2293 967 2371 conualescant‚
1001 2292 1158 2379 quia
1186 2292 1400 2372 sin<t>
1433 2292 1675 2371 calor<i
1705 2292 2050 2378 apt>ioreS‚
2085 2293 2192 2357 alii
2220 2292 2739 2378 septentrionem
2770 2292 2828 2358 d«

296 2398 308 2433 ¹
387 2427 444 2475 55
488 2398 740 2478 derent,
787 2398 944 2485 quia
983 2398 1453 2465 contristentur
1495 2413 1699 2477 aestu,
1745 2398 2020 2485 quidam
2059 2413 2580 2485 temperamento
2623 2398 2828 2465 laeten

488 2505 761 2572 orientis
795 2505 904 2571 uel
940 2505 1318 2571 occidentis.
1408 2525 1452 2586 9
1495 2505 1614 2571 has
1651 2505 2048 2572 differentias
2084 2519 2301 2571 seruat
2338 2528 2458 2591 pro
2495 2505 2626 2571 situ
2663 2519 2728 2571 et
2765 2527 2828 2591 p(

485 2612 664 2678 tione
696 2612 1015 2691 locorum,
1050 2612 1166 2698 qui
1195 2633 1434 2698 genera
1462 2633 1582 2697 per
1612 2610 1837 2678 hortos
1866 2626 2140 2697 separat.

297 2798 298 2805 ἵ
577 2718 773 2784 Illam
804 2739 1072 2805 quoque
1104 2740 1240 2784 non
1271 2718 1574 2804 exiguam
1606 2718 1905 2805 sequitur
1936 2718 2305 2798 utilitatem,
2341 2718 2524 2805 quod
2555 2731 2621 2784 et
2652 2716 2828 2783 labor

299 2854 310 2913 χ
488 2824 862 2892 uindemiae
892 2824 1218 2890 minorem
1245 2824 1493 2911 patitur
1518 2838 1585 2891 et
1613 2837 1977 2910 sumptum;
2009 2846 2163 2890 nam
2191 2839 2269 2891 ut
2294 2846 2594 2912 quaeque
2622 2823 2828 2890 uiresc

388 2941 448 2994 60
487 2930 834 3018 incipiunt,
867 2930 1261 3017 tempoetiue
1291 2930 1619 3016 leguntur,
1652 2944 1718 2997 et
1748 2953 1916 3018 quae
1946 2931 2248 2998 nondum
2278 2931 2721 2998 maturitatem
2751 2952 2825 2996 ce

490 3052 646 3104 runt
675 3058 868 3116 uuae,
904 3036 1046 3103 sine
1079 3037 1426 3122 dispendio
1460 3036 1874 3104 differuntur.
1967 3058 2051 3101 ιο
2093 3059 2216 3104 nec
2247 3037 2488 3123 pariter
2519 3051 2713 3103 uetus
2745 3050 2829 3102 at(

490 3144 925 3231 tempestiuus
962 3143 1218 3209 fructus
1257 3143 1640 3229 praecipitat
1678 3143 2085 3210 uindemiam
2122 3144 2427 3231 cogitque
2466 3143 2675 3230 pluris
2711 3165 2828 3229 ope

492 3263 1030 3336 quantocumque
1080 3250 1291 3336 pretio
1342 3250 1731 3317 conducere.
1786 3250 1917 3315 iam
1968 3264 2033 3316 et
2083 3250 2247 3316 illud
2298 3271 2570 3336 magnae
2622 3249 2796 3315 dotis

492 3378 680 3442 posse
716 3369 986 3443 gustum
1020 3356 1340 3443 cuiusque
1374 3357 1632 3443 generis
1666 3379 1801 3424 non
1836 3358 2119 3423 mixtum
2152 3356 2269 3422 sed
2302 3378 2456 3422 uere
2492 3378 2751 3422 merum
2785 3378 2828 3421 c·

493 3548 937 3603 interectionibus
958 3548 1275 3615 SAhqbrr·
1307 3577 1346 3587 —
1379 3567 1602 3615 carpere
1621 3549 1928 3614 s'mzrrys
1946 3567 2167 3615 carpare
2186 3550 2302 3603 S¹A
2320 3567 2514 3614 capere
2533 3549 2700 3615 Istinc
2735 3577 2773 3587 -
2807 3566 2828 3602 c

492 3639 658 3691 suerit
679 3639 744 3692 S’
766 3640 1042 3704 gensuerit
1065 3639 1127 3692 S¹
1150 3641 1466 3704 genusuerit
1487 3638 1771 3706 Αὴξίλῖρο
1793 3657 1965 3704 genus
1988 3641 2158 3692 suerit
2179 3638 2246 3691 h·
2269 3640 2585 3705 gemisuerit
2608 3654 2647 3703 y
2671 3639 2828 3691 remis

492 3741 528 3791 ς
559 3754 597 3764 -
632 3729 699 3792 36
728 3728 934 3780 alaeam
959 3729 1064 3780 AR
1098 3755 1136 3765 -
1172 3742 1239 3793 37
1267 3730 1533 3781 antistites
1575 3729 1652 3781 ed.
1659 3739 1742 3793 pr.
1773 3730 2079 3782 antistiores
2108 3730 2392 3793 (-stitiores
2419 3729 2477 3795 ρ)
2506 3729 2649 3781 SAR
2682 3755 2721 3765 -
2754 3745 2829 3792 po

496 3815 535 3868 S
565 3843 603 3853 -
638 3817 705 3882 38
744 3818 938 3870 cerbse
976 3817 1090 3870 SA²
1123 3843 1162 3854 -·
1199 3834 1267 3882 39
1305 3819 1414 3871 sint
1451 3817 1491 3870 S
1527 3819 1575 3870 si
1607 3836 1719 3871 non
1755 3819 1860 3870 AR
1893 3845 1931 3855 -
1964 3835 2036 3883 40
2073 3818 2379 3882 confusque
2416 3818 2490 3870 ΑΙ
2526 3834 2653 3882 -43
2680 3828 2827 3869 aesta

495 3905 725 3972 zinpc
752 3918 867 3959 esta
892 3905 1245 3971 SAh¹jmrys
1270 3919 1470 3959 aestate
1496 3905 1600 3974 δἐι
1634 3933 1673 3944 -·
1707 3909 1776 3971 46
1804 3919 1956 3960 ortus
1983 3908 2086 3960 AR
2118 3934 2157 3944 -
2191 3908 2261 3971 48
2288 3907 2528 3959 notauile
2554 3907 2593 3959 S
2628 3933 2667 3943 -
2700 3923 2770 3970 49
2799 3924 2828 3970 p

497 3993 729 4047 cioribus
766 3995 842 4048 Αἱ
860 4022 899 4032 -
921 4012 990 4060 50
1027 3996 1309 4048 summitat
1346 3996 1399 4048 A
1431 4023 1470 4033 -
1504 4014 1575 4049 an
1613 4010 1657 4063 γ
1693 4013 1790 4048 om.
1830 3997 1973 4049 SAR
1992 4024 2030 4034 -
2054 4012 2116 4061 51
2145 3994 2359 4060 quaml
2382 4012 2720 4060 quamquam
2742 3996 2828 4048 SA

500 4085 757 4148 quodque
788 4098 866 4151 γς
899 4101 1123 4149 quoque
1153 4085 1296 4137 SAR
1329 4111 1367 4121 -
1404 4101 1467 4149 53
1503 4102 1567 4137 ac
1596 4103 1655 4137 se
1686 4085 1852 4138 S¹AR
1885 4112 1924 4123 -
1959 4101 2028 4150 54
2058 4086 2168 4138 sint
2199 4099 2243 4152 γ
2272 4085 2359 4137 sin
2390 4084 2430 4136 S
2460 4085 2565 4137 insi
2596 4085 2649 4137 A
2679 4084 2785 4136 nisi
2816 4084 2828 4135 1

499 4171 655 4224 calori
673 4172 911 4237 aptiores
924 4172 1041 4225 Ash
1059 4173 1345 4226 caloriores
1363 4173 1455 4226 SA
1472 4175 1755 4227 calidiores
1772 4175 1826 4226 R
1859 4201 1897 4211 -
1930 4175 2299 4239 septentrione
2319 4174 2510 4237 (·enti-
2528 4173 2626 4236 ΑΙ)
2645 4171 2828 4238 Ath

497 4283 534 4294 -
566 4275 632 4324 59
653 4278 905 4327 quaeque
926 4262 1194 4315 uirescere
1213 4262 1278 4315 S¹
1298 4279 1438 4326 quse
1459 4262 1766 4327 quirescere
1787 4264 2119 4329 (quiresgere
2138 4263 2201 4316 S²
2222 4263 2491 4315 uirescere
2511 4261 2554 4314 b
2575 4262 2828 4314 uinescer·

503 4349 780 4411 quii-entire
808 4367 848 4416 y
875 4350 1155 4416 quiescere
1181 4352 1239 4416 ς)
1268 4350 1435 4403 S¹AR
1467 4378 1507 4388 -
1539 4352 1611 4404 60
1638 4364 1936 4416 coeperunt
1964 4352 2004 4404 S
2037 4379 2076 4390 -·
2109 4354 2178 4405 62
2207 4369 2340 4416 opas
2368 4351 2460 4403 SA
2494 4377 2533 4387 —
2566 4352 2632 4415 63
2664 4351 2828 4403 condi

504 4453 612 4489 rem
626 4438 666 4491 S
698 4465 739 4476 -
772 4441 844 4504 64
859 4457 1069 4504 cusque
1084 4439 1159 4492 Αἱ
1194 4467 1232 4477 -
1266 4442 1300 4493 6
1305 4456 1333 4504 5
1353 4441 1472 4492 siue
1489 4442 1635 4505 (ante
1651 4441 1907 4504 baliscus)
1925 4441 1965 4493 S
1980 4458 2078 4494 seu
2094 4442 2197 4494 AR
2230 4468 2268 4478 -
2302 4441 2539 4493 baliscus
2556 4438 2639 4492 SA
2657 4439 2828 4492 basilii
