3109 5559
629 1218 862 1299 Saepe
934 1239 1204 1281 numero
1252 1220 1538 1282 ciuitatis
1586 1230 1850 1281 nostrae
1899 1220 2229 1299 principes
2284 1218 2481 1280 audio
2529 1217 2659 1280 cul·
2698 1223 2863 1291 <Prae

386 1329 622 1407 pantis
677 1327 887 1388 modo
935 1346 1241 1407 agrorum
1288 1326 1830 1388 infecunditatem
1878 1326 2080 1388 modo
2114 1324 2276 1389 caeli
2312 1345 2428 1407 per
2461 1323 2661 1387 multa

389 1437 521 1496 iam
575 1446 898 1514 tempora
946 1434 1217 1495 noxiam
1266 1432 1563 1514 frugibus
1596 1434 2070 1515 intemperiem,
2106 1432 2429 1513 quosdam
2463 1433 2658 1494 etiam

392 1543 793 1622 praedictas
839 1541 1282 1622 querimonias
1328 1540 1509 1604 uelut
1556 1543 1809 1605 ratione
1851 1553 2029 1604 certa
2063 1541 2446 1621 mitigantis,
2481 1540 2660 1621 quod

345 1650 802 1728 5existiment
850 1649 1150 1710 ubertate
1198 1649 1399 1711 nimia
1449 1650 1683 1731 prioris
1730 1650 1878 1711 aeui
1925 1648 2363 1728 defatigatum
2406 1657 2473 1708 et
2505 1645 2662 1708 effe·

398 1769 535 1818 tum
588 1756 817 1818 solum
866 1757 1138 1837 nequire
1172 1756 1445 1836 pristina
1479 1755 1889 1837 benignitate
1923 1754 2243 1837 praebere
2276 1752 2661 1816 mortalibus

397 1863 744 1925 alimenta.
843 1883 1007 1943 quas
1077 1883 1207 1943 ego
1263 1883 1516 1928 causas,
1573 1863 1642 1926 P.
1706 1861 1975 1935 Siluine,
2028 1860 2252 1943 procul
2301 1881 2340 1923 a
2387 1862 2721 1923 ueritatez

401 1970 645 2033 abesse
698 1981 947 2032 certum
1000 1970 1235 2045 habeo,
1286 1971 1466 2051 quod
1518 1990 1729 2052 neque
1773 1969 1871 2032 fas
1902 1980 2004 2032 est
2037 1970 2414 2031 existimare
2449 1988 2661 2030 rerum

401 2089 736 2152 naturam,
800 2097 997 2157 quam
1047 2077 1296 2158 primus
1343 2076 1448 2138 ille
1498 2077 1724 2139 mundi
1773 2077 2032 2158 genitor
2080 2086 2398 2158 perpetua
2447 2075 2660 2138 fecun-

330 2185 617 2248 inditate
688 2185 988 2259 donauit,
1060 2185 1245 2265 quasi
1294 2184 1586 2265 quodam
1636 2185 1868 2246 morbo
1915 2182 2258 2246 sterilitate
2307 2182 2657 2257 adfectam,

406 2311 625 2372 neque
703 2292 1047 2372 prudentis
1115 2304 1216 2354 est
1287 2291 1555 2353 credere
1626 2290 1945 2366 tellurem,
2016 2311 2186 2372 quae
2256 2291 2548 2352 diuinam
2594 2301 2661 2351 et

409 2410 750 2460 aeternam
801 2399 1131 2460 iuuentam
1181 2400 1411 2461 sortita
1458 2399 1828 2461 communis
1874 2399 2168 2460 omnium
2216 2417 2454 2478 parens
2484 2397 2662 2458 dicta

228 2523 229 2552 ι
410 2505 511 2577 sit,
559 2507 723 2586 quia
773 2518 841 2566 et
886 2517 1126 2567 cuncta
1175 2507 1431 2587 peperit
1475 2526 1738 2586 semper
1784 2517 1850 2567 et
1881 2506 2200 2586 deinceps
2234 2506 2522 2585 paritura
2554 2505 2657 2578 sit,

412 2611 586 2674 uelut
637 2612 978 2675 hominem
1024 2614 1471 2675 consenuisse.
1570 2633 1690 2674 nec
1741 2624 1893 2693 post
1939 2612 2106 2675 haec
2154 2632 2301 2675 reor
2347 2610 2659 2674 uiolentia
2684 2629 2717 2692 3

339 2749 393 2794 ¹5
411 2718 569 2780 caeli
630 2720 829 2782 nobis
876 2723 1020 2795 ista,
1070 2721 1188 2782 sed
1238 2731 1463 2783 nostro
1513 2721 1735 2800 potius
1782 2720 2083 2783 accidere
2129 2720 2315 2791 uitio,
2364 2720 2472 2799 qui
2522 2738 2658 2780 rem

413 2827 718 2889 rusticam
755 2829 1047 2908 pessimo
1079 2829 1314 2909 cuique
1346 2847 1683 2890 seruorum
1719 2826 1896 2890 uelut
1920 2827 2209 2891 carnifici
2234 2847 2451 2888 noxae
2476 2826 2658 2888 dedi·

416 2953 571 3007 muS,
621 2954 827 3015 quam
878 2936 1195 2997 maiorum
1246 2946 1617 2997 nostrorum
1665 2936 1954 3016 optimus
2000 2936 2278 3016 quisque
2309 2946 2376 2996 et
2408 2934 2658 3014 optime

234 3035 239 3116 4,
416 3052 829 3104 tractauerat.
924 3053 1122 3123 atque
1187 3062 1317 3123 ego
1364 3044 1525 3105 satis
1576 3043 1789 3105 mirari
1841 3063 1970 3105 non
2020 3062 2312 3124 possum,
2361 3041 2521 3123 quid
2571 3041 2660 3101 ita

417 3146 674 3210 dicendi
735 3149 958 3230 cupidi
1007 3148 1290 3230 seligant
1337 3161 1688 3224 oratorem,
1740 3151 1923 3211 cuius
1971 3150 2307 3212 imitentur
2353 3147 2657 3229 eloquen-

344 3283 401 3316 20
418 3253 589 3329 tiam,
640 3276 1089 3318 mensurarum
1140 3268 1208 3318 et
1255 3277 1671 3319 numerorum
1722 3258 1991 3320 modum
2030 3258 2342 3318 rimantes
2376 3255 2658 3336 placitae

419 3359 795 3443 disciplinae
842 3375 1303 3426 consectentur
1350 3366 1756 3446 magistrum,
1791 3365 1974 3427 uocis
2007 3375 2073 3426 et
2105 3374 2339 3426 cantus
2371 3360 2660 3424 modula·

420 3477 619 3531 torem
690 3491 815 3533 nec
886 3472 1101 3534 minus
1169 3473 1464 3552 corporis
1511 3471 2043 3552 gesticulatorem
2092 3469 2658 3551 scrupulosissime

424 3577 742 3654 requirant
808 3578 1177 3641 saltationis
1236 3598 1314 3641 ac
1362 3579 1652 3641 musicae
1701 3580 1972 3640 rationis
2019 3577 2319 3652 studiosi,
2369 3578 2497 3639 iam
2546 3576 2719 3657 qui4

427 3682 762 3746 aedificare
810 3683 1030 3760 uelint,
1076 3685 1299 3748 fabros
1331 3699 1395 3749 et
1429 3686 1827 3748 architectos
1859 3687 2211 3760 aduocent‚
2247 3684 2357 3764 qui
2393 3684 2657 3763 nauigia

598 3894 615 3925 1
660 3880 917 3942 culpantis
942 3883 1020 3931 8Β
1046 3881 1320 3942 culpante·
1346 3873 1568 3931 Arl'klsfi
1714 3898 1745 3929 2
1771 3897 1869 3944 per
1895 3879 2070 3942 multa}
2098 3898 2255 3944 usque
2280 3879 2450 3928 adhuc
2474 3882 2600 3929 mai.
2626 3882 2660 3928 8

592 3988 619 4028 ⁴
662 3971 942 4033 mitigantis
968 3976 1011 4021 Β
1037 3971 1333 4034 mitigantes
1359 3966 1550 4021 emmo
1577 3972 1963 4034 interrogantes
1997 3985 2024 4019 s
2169 3985 2200 4032 5
2227 3971 2472 4019 effectum
2499 3973 2542 4018 Β
2568 3970 2660 4018 ali·

430 4063 536 4116 quot
660 4063 694 4107 6
715 4075 886 4120 neque
908 4075 963 4108 re
983 4059 1018 4118 (i
1036 4076 1077 4108 s.
1100 4062 1190 4108 alt.
1212 4076 1243 4109 e
1260 4055 1378 4123 scr.)
1399 4063 1440 4110 Δ
1576 4077 1602 4120 7
1627 4061 1682 4109 P.
1704 4077 1807 4108 om.
1823 4056 1948 4110 Aa&
2077 4063 2110 4108 8
2131 4076 2302 4109 rerum
2325 4058 2432 4109 SA&
2453 4060 2595 4108 humi
2615 4063 2659 4108 Β

602 4163 660 4196 ro
696 4150 938 4198 affectam
961 4151 1039 4198 SR
1168 4165 1231 4210 14
1261 4150 1509 4199 uiolentia
1535 4148 1645 4199 SA&
1673 4149 2069 4211 intemperantia
2089 4154 2132 4199 Β
2268 4152 2330 4198 16
2358 4165 2518 4197 nosse
2538 4144 2596 4197 (1²
2623 4156 2656 4196 fi

432 4233 497 4278 (in
517 4250 676 4300 marg.
706 4239 765 4293 ,ἡ
781 4241 819 4287 A
936 4240 999 4287 18
1024 4239 1325 4288 tractauerit
1340 4243 1383 4288 Β
1492 4238 1668 4299 Atque
1684 4241 1758 4287 SA
1778 4240 1923 4303 Aqu;
1940 4234 1996 4287 «1¹
2024 4239 2168 4299 atqui
2193 4238 2293 4297 (uel
2315 4238 2427 4304 atq)
2444 4242 2487 4287 Β
2508 4238 2579 4287 At
2598 4241 2659 4288 εὖ

568 4339 625 4384 19
645 4327 907 4376 imitantur
924 4330 985 4376 οὔ
1092 4343 1160 4376 20
1180 4329 1415 4378 rimantis
1435 4330 1469 4376 S
1582 4343 1642 4375 21
1672 4335 2042 4377 consectantur
2061 4330 2121 4378 ⁸6
2235 4343 2302 4389 23
2323 4328 2486 4391 inmq5
2509 4328 2595 4394 qui
2615 4331 2658 4377 Β
