3109 5559
708 399 746 457 8
1304 418 1355 458 L.
1406 417 1529 458 lvxi
1579 416 1900 462 nom-:ium
1947 417 2358 459 conati-,Luni

708 597 827 636 nus
892 587 1002 637 aut
1064 577 1208 656 ipse
1278 579 1580 652 uinxerit,
1649 579 1790 640 sine
1853 579 2030 640 iussu
2067 575 2581 656 &patrisfamiliae
2642 575 2948 639 resoluat.

706 683 1020 745 sacrificia
1066 683 1189 746 nisi
1235 704 1323 746 ex
1371 697 1728 765 praecepto
1773 685 2023 746 domini
2072 683 2285 746 facere
2334 685 2610 755 noeciau
2660 683 2951 764 haruspi-

706 809 849 851 cem
895 810 1255 872 sagamque
1302 812 1420 854 sua
1449 805 1689 872 sponte
1724 812 1854 854 non
1889 792 2163 863 nouerit,
2197 811 2368 871 quae
2399 803 2671 871 utraque
2704 810 2950 871 genera

604 911 683 972 23
707 916 874 957 uana
920 899 1381 977 superstitione
1429 898 1624 961 rndffi
1669 899 1923 961 animos
1971 897 2297 959 infestant
2368 917 2498 959 non
2533 898 2780 971 urbem,
2817 918 2949 959 non

708 1002 868 1064 ullas
916 1003 1257 1078 nundinaS,
1309 1006 1430 1067 nisi
1480 1006 1867 1067 uendendae
1915 1014 2026 1066 aut
2059 1005 2381 1066 emendae
2414 1005 2505 1066 rei
2537 1005 2949 1066 ne‘cessariae
2969 1038 2998 1082 5

706 1130 922 1183 causa,
987 1109 1506 1191 frequentauerit.
1581 1132 1794 1193 neque
1853 1112 2028 1174 enim
2083 1110 2384 1173 coloniae
2428 1131 2587 1173 suae
2633 1112 2951 1172 terminos

707 1218 931 1297 egredi
977 1217 1178 1280 debet
1225 1238 1346 1280 nec
1395 1220 1695 1280 absentia
1740 1239 1860 1281 sua
1908 1217 2188 1280 familiae
2236 1219 2539 1280 cessandi
2587 1230 2702 1279 aut
2746 1217 2948 1280 delin-

706 1324 950 1403 quendi
994 1326 1278 1405 spatium
1325 1326 1502 1387 dare.
1574 1327 1843 1388 semitas
1875 1345 2213 1405 nouosque
2247 1325 2481 1387 limites
2513 1325 2578 1386 in
2612 1345 2775 1405 agro
2809 1326 2948 1387 fieri

709 1431 1068 1510 prohibeat.
1140 1431 1489 1512 hospitem,
1551 1433 1675 1495 nisi
1737 1453 1823 1494 ex
1870 1432 2154 1495 amicitia
2201 1431 2467 1498 domini,
2518 1452 2716 1512 quam
2765 1434 2948 1494 raris·

707 1537 868 1599 sime
928 1539 1214 1620 recipiat.
1286 1540 1370 1601 ad
1432 1540 1787 1602 ministeria
1845 1559 1962 1601 sua
2019 1559 2377 1601 conseruos
2431 1559 2562 1600 non
2633 1538 2946 1601 adhibeat
2973 1571 3032 1601 ιο

707 1664 827 1706 nec
896 1643 1007 1706 ulli
1076 1647 1387 1709 terminos
1450 1647 1696 1727 egredi,
1760 1647 1879 1708 nisi
1938 1666 2177 1726 magna
2224 1646 2516 1726 coegerit
2564 1648 2944 1718 necessitas

604 1765 685 1826 24
708 1753 1057 1832 permittat.
1131 1754 1474 1833 pecuniam
1533 1753 1783 1815 domini
1845 1772 2056 1833 neque
2118 1754 2180 1814 in
2233 1772 2471 1832 pecore
2519 1772 2642 1814 nec
2689 1754 2756 1814 in
2803 1753 2946 1815 aliis

706 1859 901 1921 rebus
965 1858 1476 1939 promercalibus
1531 1872 1830 1940 occupet.
1904 1860 2069 1921 haec
2116 1860 2289 1921 enim
2339 1878 2440 1920 res
2486 1871 2728 1921 auocat
2773 1859 2944 1921 uilici

706 1986 925 2027 euram
984 1977 1051 2027 et
1108 1986 1255 2028 eum
1322 1968 1799 2048 negotiatorem
1865 1967 2086 2046 potius
2143 1965 2296 2027 facit
2340 1986 2536 2046 quam
2587 1966 2944 2048 agricolam

708 2093 827 2135 nec
876 2093 1181 2154 umquam
1228 2074 1381 2135 sinit
1426 2093 1576 2135 eum
1624 2094 1772 2135 cum
1820 2073 2177 2136 rationibus
2208 2073 2458 2135 domini
2492 2074 2674 2154 paria
2707 2072 3031 2147 facere,15

706 2182 821 2241 sed
870 2180 983 2242 ubi
1030 2200 1361 2242 nummum
1409 2192 1509 2242 est
1541 2181 1923 2254 numerati0,
1960 2199 2061 2242 res
2094 2200 2214 2260 pro
2247 2182 2528 2242 nummis
2557 2180 2943 2242 ostenditur.

708 2289 925 2367 itaque
989 2299 1123 2349 tam
1188 2288 1360 2350 istud
1417 2288 1756 2350 uitandum
1817 2287 2088 2349 habebit
2142 2307 2340 2367 quam
2386 2287 2650 2349 hercule
2700 2286 2946 2368 fugien-

706 2393 859 2454 dum
907 2394 1189 2456 uenandi
1237 2406 1348 2456 aut
1390 2395 1761 2474 aucupandi
1792 2395 2099 2467 studium,
2132 2394 2369 2474 quibus
2401 2395 2594 2456 rebus
2629 2394 2946 2474 plurimae

603 2513 636 2557 2
650 2511 679 2574 5
706 2520 946 2580 operae
1012 2513 1384 2563 auocantur.
1458 2502 1588 2562 iam
1651 2499 1776 2573 illa,
1837 2521 2009 2581 quae
2064 2502 2260 2562 etiam
2319 2502 2383 2562 in
2433 2501 2789 2564 maioribus
2837 2503 2947 2563 im·

706 2609 902 2688 periis
968 2608 1314 2671 difficulter
1367 2608 1838 2680 custodiuntur,
1898 2607 2312 2669 considerare
2360 2607 2650 2682 debebit,
2701 2628 2787 2670 ne
2832 2622 2946 2670 aut
2965 2637 3032 2666 20

704 2713 1026 2777 crudelius
1096 2727 1207 2777 aut
1278 2716 1606 2777 remissius
1682 2724 1838 2795 agat
1911 2734 2057 2775 cum
2135 2714 2472 2789 subiectis;
2550 2735 2945 2796 semperque

708 2821 925 2884 foueat
970 2822 1184 2884 bonos
1231 2834 1299 2883 et
1342 2820 1626 2894 seduIOS,
1678 2833 1903 2902 parcat
1948 2822 2146 2883 etiam
2196 2822 2408 2883 minus
2455 2823 2698 2902 probiS,
2744 2834 2812 2884 et
2855 2824 2944 2884 ita

706 2939 1044 3010 temperet,
1106 2941 1177 2991 ut
1236 2930 1446 3010 magis
1513 2930 1654 2991 eius
1722 2939 2067 2990 uereantur
2134 2930 2571 3002 seueritatem,
2628 2950 2828 3010 quam
2876 2943 2946 2991 ut

706 3038 1042 3099 saeuitiam
1103 3037 1524 3108 detestentur,
1600 3037 1966 3117 poteritque
2023 3035 2088 3097 id
2147 3037 2494 3108 custodire,
2543 3037 2597 3098 si
2647 3035 2946 3099 maluerit

706 3163 959 3218 cauere,
1022 3163 1103 3204 ne
1166 3154 1396 3223 peccet
1462 3144 1813 3224 operariu3‚
1883 3163 2097 3224 quam,
2149 3163 2296 3203 cum
2355 3144 2747 3223 peccauerit,
2795 3165 2950 3205 sero
2969 3170 3034 3213 25

927 3461 943 3491 1
992 3445 1242 3493 uincxerit
1279 3449 1312 3492 S
1540 3447 1709 3493 soluat
1746 3448 1816 3493 SA
2039 3465 2066 3505 4
2110 3445 2175 3493 ηδ
2215 3447 2378 3493 nullas
2417 3450 2481 3494 bc
2699 3461 2730 3505 5
2771 3463 2952 3494 emen·

706 3536 873 3582 dende
908 3535 1013 3586 (alt.
1054 3536 1154 3583 nde
1186 3541 1357 3598 postea
1395 3539 1523 3597 exp.)
1563 3538 1598 3583 A
1797 3552 1821 3595 7
1864 3536 2158 3595 deliquendi
2195 3539 2229 3582 S
2417 3551 2478 3582 10
2515 3545 2568 3583 at
2605 3536 2894 3584 ministeria
2917 3541 2953 3584 S

926 3640 985 3685 15
1026 3641 1247 3686 unquam
1287 3627 1331 3674 R
1535 3641 1652 3673 eum
1690 3641 1793 3672 om.
1832 3626 1918 3673 AR
2125 3629 2187 3673 16
2227 3625 2311 3672 ubi
2351 3641 2611 3672 nummum
2651 3634 2732 3673 est
2771 3641 2953 3674 nnme-

708 3715 836 3761 ratio
871 3716 1075 3777 scn'pssi:
1114 3716 1199 3763 ubi
1239 3731 1340 3763 non
1380 3722 1461 3763 est
1499 3714 1788 3762 numeratio
1825 3716 1986 3762 Saltw
2024 3715 2110 3762 ubi
2149 3714 2182 3762 fi
2221 3722 2303 3762 est
2341 3715 2627 3762 numeratio
2660 3716 2699 3763 A
2737 3716 2825 3762 ubi
2869 3729 2954 3764 est

707 3805 992 3852 numeratio
1039 3805 1259 3867 exigitur
1294 3806 1392 3864 αἱς
1442 3785 1473 3851 ii
1510 3803 1543 3850 ἔ
1582 3804 1868 3851 numeratio
1907 3804 2129 3864 exigitur
2165 3817 2198 3851 u
2249 3804 2332 3851 ubi
2372 3804 2477 3851 eris
2514 3804 2801 3851 numeratio
2842 3807 2955 3853 exi-

704 3893 838 3954 gitur
872 3907 911 3952 g
947 3894 1032 3942 ubi
1072 3895 1358 3943 numeratio
1395 3894 1616 3954 exigitur
1653 3895 1763 3951 imp
1985 3909 2042 3953 17
2085 3901 2186 3940 tam
2227 3892 2396 3940 studiss
2439 3892 2648 3940 uitandfl
2687 3895 2725 3940 A

704 3983 899 4045 fugient
935 3982 1003 4030 ἀΰ
1040 3982 1080 4038 (t
1118 3983 1209 4030 del.
1250 3975 1348 4040 ΜΕ)
1382 3985 1415 4030 S
1638 3985 1699 4028 18
1748 3989 1835 4029 aut
1881 3983 1960 4029 SR
1996 3980 2023 4029 Ϊ
2077 3984 2114 4030 A
2162 3983 2244 4029 uel
2283 3997 2317 4029 a
2541 3998 2603 4041 19
2641 3982 2738 4029 iam
2778 3983 2866 4029 illa
2909 3986 2954 4032 R

704 4073 786 4120 illa
825 4073 923 4121 iam
962 4074 1033 4121 SA
1073 4074 1171 4120 inm
1211 4073 1297 4120 illa
1334 4073 1483 4120 etiam
1523 4087 1557 4119 a
1799 4087 1865 4118 22
1905 4079 2083 4131 pascat
2121 4073 2184 4118 bc
2418 4073 2617 4132 probos
2653 4087 2684 4119 e
2721 4073 2880 4120 bonis
2921 4077 2955 4120 b

918 4179 986 4222 23
1042 4170 1296 4224 temperet
1351 4163 1395 4209 R
1450 4168 1704 4221 temperat
1747 4161 1822 4218 (in
1860 4168 1934 4208 -et
1972 4165 2169 4208 mutare
2205 4160 2421 4208 uoluisse
2457 4160 2561 4208 uid.
2603 4153 2699 4216 ιη’)
2734 4163 2768 4208 8
2817 4168 2957 4209 tem-

704 4261 881 4312 perate
920 4252 996 4300 Aa
1212 4251 1371 4312 magis
1409 4251 1519 4298 eius
1557 4251 1602 4297 R
1639 4249 1750 4296 eius
1785 4249 1907 4302 (om.
1948 4251 2129 4308 magis)
2165 4252 2198 4296 S
2236 4249 2298 4296 εἶ
2337 4250 2498 4310 magis
2537 4252 2576 4299 Δ
2794 4265 2862 4308 24
2913 4255 2956 4298 si

704 4357 805 4387 om.
840 4346 1010 4402 postea
1048 4341 1166 4387 add.
1208 4357 1276 4387 m.
1318 4356 1409 4386 ιτα
1447 4341 1485 4387 A
