3109 5559
690 287 766 350 52
1325 296 1378 337 L.
1428 295 1551 339 IVNI
1601 293 1922 337 uoDERATl
1971 295 2381 338 COLVHELLAE

684 462 949 513 enatum
1003 462 1218 514 autem
1276 453 1515 515 differri
1565 454 1764 516 debet
1811 456 1875 516 in
1923 455 2002 516 iis
2050 454 2228 526 locis,
2278 454 2514 536 quibus
2561 474 2734 534 aqua
2781 454 2932 515 sub·

685 559 1026 620 ministrari
1086 579 1215 620 non
1264 572 1503 639 potest,
1553 562 1723 622 circa
1773 562 2250 642 aequinoctium
2301 562 2624 634 autumni;
2679 573 2750 622 at
2793 563 2930 641 qui-

685 665 808 726 bus
840 667 1052 746 possis
1084 686 1375 727 umorem
1410 667 1743 747 praebere,
1780 687 2004 729 mense
2031 668 2208 729 Maio
2234 681 2409 729 recte
2433 667 2928 729 transferuntur.

581 790 659 852 33
896 772 1141 853 Apium
1190 794 1449 854 quoque
1491 775 1705 853 possis
1738 772 1978 853 plantis
2009 794 2222 836 serere
2255 794 2377 836 nec
2411 775 2622 837 minus
2653 775 2930 848 semine,

682 879 799 940 sed
849 880 1197 960 praecipue
1245 901 1414 960 aqua
1464 880 1737 942 laetatur
1784 893 1849 941 et
1894 882 2045 943 ideo
2077 882 2433 943 secundum
2472 880 2718 943 sontem
2753 901 2932 942 com·
2961 915 2992 959 5

682 985 1059 1046 modissime
1126 988 1402 1066 ponitur.
1497 987 1676 1067 quod
1735 990 1788 1048 si
1837 989 1982 1068 quis
2028 988 2093 1048 id
2141 987 2295 1049 uelit
2344 987 2455 1049 lati
2504 987 2638 1049 folii
2689 986 2930 1060 facere,

682 1103 993 1173 quantum
1062 1094 1326 1155 seminis
1396 1095 1649 1174 possint
1719 1105 1851 1155 tres
1917 1094 2105 1173 digiti
2161 1095 2718 1174 conprehendere,
2780 1115 2934 1156 raro

683 1197 950 1261 linteolo
1011 1199 1233 1279 inliget
1294 1211 1359 1261 et
1420 1202 1508 1263 ita
1570 1203 1632 1262 in
1692 1200 1947 1262 areolas
2007 1201 2398 1280 dispositum
2447 1201 2622 1281 liget.
2718 1201 2826 1261 uel
2877 1204 2933 1262 si

681 1307 934 1387 crispae
1001 1305 1247 1368 frondis
1306 1307 1371 1369 id
1418 1307 1556 1368 fieri
1607 1307 1919 1376 maluerit.
1969 1328 2193 1369 semen
2241 1309 2382 1368 eius
2427 1307 2702 1369 inditum
2753 1308 2938 1387 pilae

682 1427 749 1474 et
794 1411 1088 1493 saligneo
1150 1412 1301 1494 palo
1363 1415 1670 1494 pinsitum
1720 1414 2256 1495 expoliatumque
2301 1413 2595 1476 similiter
2642 1413 2940 1476 linteolis
2973 1451 3026 1480 ιο

578 1539 661 1601 34
685 1519 951 1599 ligatum
1001 1520 1251 1583 obruat.
1336 1534 1553 1600 potest
1602 1523 1798 1583 etiam
1847 1522 2008 1582 citra
2056 1522 2223 1582 hanc
2271 1541 2539 1601 operam
2589 1521 2727 1582 fieri
2774 1524 2940 1584 cris·

683 1646 835 1707 pum
885 1626 1416 1708 qualitercunque
1461 1641 1694 1701 satum,
1746 1631 1819 1698 si,
1857 1648 2004 1689 cum
2038 1640 2138 1690 est
2171 1641 2414 1696 natum,
2450 1629 2938 1689 incrementum

681 1735 819 1794 eius
880 1734 1299 1814 superuoluto
1355 1734 1654 1814 cylindro
1702 1742 2027 1796 coerceas
2123 1738 2291 1796 satio
2338 1737 2477 1796 eius
2524 1748 2624 1797 est
2670 1736 2942 1814 optima

682 1851 833 1921 post
867 1842 1019 1903 Idus
1050 1842 1260 1903 Maias
1290 1862 1495 1922 usque
1528 1842 1592 1902 in
1627 1841 2005 1917 solstitium;
2057 1862 2206 1903 nam
2242 1854 2538 1922 teporem
2569 1841 2938 1904 desiderat.

902 1948 1065 2010 Fere
1131 1949 1326 2009 etiam
1392 1949 1493 2009 his
1548 1948 1781 2010 diebus
1827 1952 2040 2009 ocima
2087 1961 2400 2024 seruntur,
2450 1969 2724 2029 quorum
2772 1969 2943 2010 cum
2975 1982 3024 2025 15

678 2074 900 2116 semen
966 2057 1268 2117 obrutum
1334 2066 1453 2127 est,
1516 2054 1863 2135 diligenter
1908 2055 2267 2117 inculcatur
2314 2054 2616 2135 pauicula
2664 2055 2765 2116 uel
2822 2077 2944 2136 cy·

678 2162 905 2223 lindr0.
1010 2181 1158 2224 nam
1229 2163 1283 2223 si
1354 2175 1590 2224 terram
1661 2182 2044 2242 suspensam
2117 2162 2460 2242 relinquas,
2537 2162 2940 2244 plerumque

679 2270 1125 2348 corrumpitur.

573 2389 651 2454 35
888 2375 1227 2437 Pastinaca
1275 2389 1339 2437 et
1386 2378 1548 2437 siser
1594 2390 1789 2457 atque
1839 2375 2012 2438 inula
2058 2375 2523 2438 conualescunt
2558 2374 2690 2437 alte
2724 2380 2940 2454 pasti·

676 2494 831 2544 nato
879 2498 943 2544 et
990 2493 1347 2545 stercorato
1395 2481 1562 2557 loc0‚
1613 2482 1730 2543 sed
1778 2503 1972 2563 quam
2023 2485 2345 2544 rarissime
2393 2483 2700 2562 ponenda
2743 2498 2934 2556 sunt,
2961 2518 3017 2547 20

675 2601 745 2650 ut
792 2591 1037 2651 maiora
1084 2591 1347 2670 capiant
1396 2591 1811 2651 incrementa.
1886 2588 2125 2651 inulam
2159 2609 2315 2650 uero
2349 2588 2692 2651 interuallo
2725 2591 2934 2651 trium

676 2697 913 2778 pedum
964 2698 1089 2757 seri
1136 2697 1460 2769 conuenit,
1511 2697 1818 2776 quoniam
1866 2709 2090 2757 uastos
2138 2696 2290 2757 facit
2341 2695 2604 2756 frutices
2646 2708 2712 2756 et
2755 2699 2932 2758 radi-

675 2805 860 2866 cibus
924 2817 991 2863 ut
1056 2801 1283 2864 oculus
1348 2803 1726 2864 harundinis
1793 2804 2013 2882 serpit.
2110 2823 2231 2863 nec
2301 2816 2403 2862 est
2471 2802 2636 2863 alius
2707 2803 2934 2864 cultus

676 2911 904 2973 horum
962 2911 1269 2980 omnium,
1327 2911 1448 2971 nisi
1494 2922 1564 2970 ut
1611 2909 2004 2970 sartionibus
2052 2910 2293 2970 herbae
2342 2907 2668 2970 tollantur.
2745 2930 2931 2971 com-

856 3247 874 3276 1
921 3231 1108 3277 deferri
1149 3235 1191 3280 B
1355 3232 1401 3277 in
1441 3232 1519 3278 his
1556 3231 1685 3277 locis
1723 3231 1842 3278 SAR
1986 3245 2017 3275 2
2057 3231 2119 3276 ad
2157 3231 2209 3284 (d
2248 3232 2301 3277 in
2340 3238 2359 3277 t
2399 3237 2524 3276 mut.
2565 3221 2667 3286 κε’)
2705 3233 2741 3277 S

675 3334 706 3378 3
745 3321 1010 3366 humorem
1050 3325 1093 3369 B
1304 3338 1333 3379 4
1374 3321 1569 3367 semine
1606 3336 1708 3366 om.
1749 3336 1818 3365 m.
1852 3327 1951 3381 pr„
1993 3321 2044 3364 in
2084 3334 2250 3380 marg.
2289 3318 2410 3365 add.
2451 3334 2520 3363 m.
2563 3334 2654 3364 rec.
2700 3321 2736 3368 A

681 3424 706 3468 7
748 3407 1133 3469 &prehendere
1171 3412 1206 3457 S
1250 3410 1606 3470 oprehenderc
1644 3411 1683 3457 A
1722 3407 2164 3468 comprehendere
2201 3411 2244 3455 B
2424 3409 2456 3453 8
2493 3407 2660 3467 illiget
2698 3411 2741 3457 R

677 3499 795 3561 liget
832 3500 904 3547 SA
944 3501 1095 3560 eliget
1132 3514 1166 3547 a
1206 3499 1383 3560 religet
1420 3503 1461 3547 B
1499 3499 1728 3558 relegent
1753 3499 1838 3544 hm
1879 3497 2009 3557 riget
2033 3509 2067 3555 p
2210 3510 2243 3554 9
2281 3496 2523 3542 malueris
2552 3498 2586 3543 b
2625 3498 2862 3544 mulieris
2889 3515 2922 3545 τι

874 3605 935 3636 ιο
973 3590 1089 3650 pale
1128 3597 1177 3636 (a
1217 3590 1270 3634 in
1310 3589 1324 3635 i
1364 3595 1485 3632 unet.
1526 3604 1596 3633 m.
1638 3587 1748 3634 rec.)
1787 3589 1826 3635 A
2013 3586 2128 3645 pale
2168 3593 2221 3640 (o
2258 3592 2370 3648 sup.
2410 3600 2440 3631 e
2477 3600 2572 3630 scr.
2613 3601 2688 3632 m.
2729 3587 2844 3638 rec.)
2883 3591 2923 3635 A

866 3678 915 3724 in
955 3678 1177 3724 linteolis
1215 3679 1313 3735 cdq
1512 3692 1566 3722 11
1615 3676 1804 3723 obruas
1843 3678 1876 3724 b
1915 3676 2106 3722 obrues
2144 3688 2178 3721 a
2366 3688 2427 3733 ¹3
2466 3674 2622 3720 uerba
2665 3691 2922 3735 superno-

676 3768 782 3813 luto
826 3792 883 3797 —
927 3775 1007 3813 est
1044 3768 1096 3812 in
1138 3772 1264 3812 {extu
1302 3767 1493 3812 omissa
1532 3766 1585 3811 in
1625 3780 1794 3826 marg.
1832 3763 1993 3810 adst-r.
2033 3780 2101 3809 m.
2142 3779 2232 3808 rec.
2269 3765 2308 3811 A
2499 3777 2558 3821 14
2602 3763 2848 3811 solistitifi
2881 3769 2922 3813 A

848 3864 1083 3915 tempore
1120 3858 1161 3903 A
1199 3854 1381 3914 t3pore
1409 3856 1482 3906 (in
1509 3852 1692 3912 tepor?
1719 3859 1843 3899 mut.
1871 3848 1968 3902 ιη’)
1995 3853 2029 3898 S
2179 3865 2238 3909 15
2278 3851 2478 3898 hisdem
2505 3852 2694 3899 diebus
2720 3866 2759 3901 ⁸

676 3946 865 4005 optima
906 3946 941 3993 A
1132 3958 1193 4002 19
1232 3953 1281 3989 at
1327 3959 1445 4002 quae
1506 3981 1515 4006 f
1546 3938 1557 4002 '⁵
1650 3943 1768 3989 nul¹
1815 3959 1844 3988 a
1883 3941 1921 3998 (Ι
1961 3943 2014 3987 in
2038 3948 2118 4001 pr.
2149 3955 2250 3987 ms.
2275 3955 2369 3986 scr.
2397 3933 2496 3996 ιη’)
2523 3941 2558 3987 S
2597 3949 2703 4001 atq;
2744 3942 2920 3989 innula

672 4036 811 4093 Λαίς
1008 4034 1250 4093 pistinato
1288 4034 1329 4080 A
1525 4048 1592 4078 22
1633 4032 1686 4079 ln
1729 4031 1866 4078 null'fi
1901 4032 1940 4078 A
2025 4079 2054 4090 ι,
2089 4025 2182 4075 ‘nul
2233 4028 2265 4075 ἶ
2303 4029 2342 4084 (Ι
2379 4034 2497 4075 ante
2535 4045 2568 4076 n
2607 4045 2702 4076 scr.
2745 4024 2846 4078 ιη’)
2889 4036 2924 4077 S

673 4124 893 4169 innulam
933 4125 1031 4181 cdq
1194 4123 1433 4181 quoniam
1471 4135 1560 4169 um
1599 4120 1774 4179 quonZ
1809 4121 1843 4166 S
1888 4113 2126 4179 quolnam
2167 4121 2205 4166 A
2253 4117 2338 4177 qffi
2376 4118 2420 4165 R
2589 4133 2660 4178 23
2699 4121 2922 4168 frutices

670 4212 705 4258 S
742 4213 983 4258 fructices
1022 4214 1105 4260 AB
1284 4211 1527 4256 harundis
1566 4210 1638 4257 SA
