3109 5559
664 422 748 481 42
1263 423 1315 465 L.
1368 422 1491 464 lvm
1540 421 1870 465 MODERATl
1918 420 2329 463 COLVMELLAE

664 597 1054 665 perpetuum
1081 582 1371 644 laborem
1407 601 1634 644 eorum
1667 580 2133 662 intellegerem,
2169 601 2301 641 non
2329 600 2685 661 numquam
2719 584 2983 646 etiam

662 693 913 754 iocarer
982 702 1047 753 et
1120 690 1264 772 plus
1312 691 1472 770 ipsis
1519 690 1719 751 iocari
1769 689 2233 770 permitterem.
2331 689 2457 749 iam
2508 687 2665 751 illud
2715 710 2980 773 saepe

663 799 854 869 facio,
907 811 976 860 ut
1024 798 1209 878 quasi
1259 817 1409 858 cum
1455 794 1873 876 peritioribus
1905 796 1989 857 de
2023 794 2349 875 aliquibus
2381 797 2692 876 operibus
2725 801 2979 863 nouis

662 905 1020 968 deliberem
1069 918 1135 967 et
1185 924 1302 985 per
1349 904 1475 965 hoc
1524 922 1927 983 cognoscam
1978 903 2294 982 cuiusque
2327 904 2684 984 ingenium,
2719 907 2972 987 quale

663 1033 991 1095 quamque
1061 1013 1145 1074 sit
1216 1012 1525 1091 prudens
1623 1023 1761 1073 tum
1828 1010 2025 1072 etiam
2094 1009 2402 1072 libentius
2467 1031 2585 1073 eos
2631 1013 2697 1074 id
2757 1034 2973 1096 opus
3036 1046 3066 1096 5

663 1121 937 1201 adgredi
987 1120 1204 1192 uide0‚
1257 1119 1342 1180 de
1394 1138 1526 1198 quo
1576 1136 1798 1179 secum
1849 1115 2276 1178 deliberatum
2327 1130 2393 1179 et
2439 1117 2714 1180 consilio
2757 1121 2972 1202 ipso·

564 1228 642 1289 16
664 1248 801 1290 rum
876 1238 1255 1305 susceptum
1306 1235 1560 1304 putant.
1655 1244 1809 1285 nam
1857 1222 1966 1284 illa
2013 1223 2354 1286 sollemnia
2401 1236 2553 1287 sunt
2607 1229 2968 1292 omnibus

662 1334 1179 1414 circumspectiS‚
1254 1345 1325 1393 ut
1394 1330 1706 1411 ergastuli
1759 1332 2088 1413 mancipia
2139 1351 2633 1411 recognoscam,
2684 1346 2771 1396 ut
2833 1358 2968 1399 ex·

664 1441 933 1522 plorem,
984 1460 1064 1502 an
1116 1439 1466 1519 diligenter
1513 1439 1715 1500 uincti
1763 1440 1911 1511 sint,
1964 1459 2043 1500 an
2095 1439 2279 1519 ipsae
2324 1440 2521 1501 sedes
2568 1444 2963 1506 custodiae

660 1550 820 1611 satis
867 1559 1047 1610 tutae
1095 1547 1514 1627 munitaeque
1562 1547 1712 1619 sint,
1749 1566 1902 1607 num
1935 1565 2130 1626 quem
2165 1544 2396 1607 uilicus
2437 1558 2548 1609 aut
2581 1548 2962 1629 adligaue-
2994 1583 3058 1617 10

662 1658 742 1718 rit
788 1656 1168 1736 quempiam
1216 1654 1488 1716 domino
1539 1653 1872 1714 nesciente
1919 1663 2033 1714 aut
2067 1654 2449 1731 reuinxerit;
2487 1675 2638 1717 nam
2671 1668 2956 1720 utrum-

659 1783 789 1844 que
836 1763 1124 1824 maxime
1171 1781 1432 1823 seruare
1481 1760 1705 1833 debet,
1756 1772 1824 1821 ut
1871 1772 1938 1821 et
1986 1780 2181 1841 quem
2233 1772 2423 1840 pater
2469 1761 2769 1825 familiae
2823 1766 2956 1828 tali

660 1889 877 1950 poena
949 1868 1337 1942 multauerit,
1401 1867 1632 1929 uilicus
1688 1868 1810 1929 nisi
1859 1868 2153 1929 eiusdem
2206 1869 2526 1949 permissu
2574 1874 2954 1951 compedi-

657 1978 782 2039 bus
850 1997 981 2037 non
1052 1977 1302 2037 eximat
1369 1985 1436 2037 et
1505 1995 1702 2055 quem
1753 1976 1895 2055 ipse
1944 1995 2063 2036 sua
2111 1988 2353 2055 sponte
2401 1977 2707 2051 uinxerit,
2770 1993 2952 2042 ante

564 2100 636 2163 17
661 2104 859 2164 quam
926 2084 1092 2145 sciat
1157 2064 1481 2157 dominus,
1534 2102 1664 2143 non
1717 2081 2024 2155 resoluat,
2084 2094 2404 2163 tantoque
2450 2085 2789 2146 curiosior
2843 2088 3036 2167 iti-15

662 2190 929 2271 quisitio
979 2191 1183 2269 patris
1216 2188 1500 2251 familiae
1548 2190 1749 2251 debet
1797 2209 1944 2252 esse
1976 2210 2097 2269 pro
2131 2190 2242 2251 tali
2278 2210 2520 2269 genere
2551 2210 2946 2269 seruorum,

662 2317 744 2358 ne
812 2309 923 2358 aut
981 2298 1045 2358 in
1095 2297 1420 2359 uestiariis
1469 2308 1582 2358 aut
1631 2298 1692 2358 in
1743 2298 1979 2358 ceteris
2028 2297 2342 2376 praebitis
2389 2298 2701 2361 iniuriose
2761 2312 2943 2363 trac-

662 2416 899 2477 tentur,
966 2417 1215 2483 quanto
1280 2416 1346 2465 et
1419 2402 1714 2484 pluribus
1762 2403 2061 2481 subiecti,
2113 2415 2182 2466 ut
2232 2404 2458 2480 uilicis,
2511 2417 2581 2466 ut
2627 2427 2935 2487 operum

662 2512 1009 2591 magistris,
1061 2523 1131 2572 ut
1177 2510 1639 2590 ergastulariis,
1691 2513 1903 2592 magis
1949 2512 2223 2573 obnoxii
2267 2514 2727 2592 perpetiendis
2766 2516 2939 2577 iniu-

660 2619 768 2679 riis
837 2630 905 2680 et
976 2638 1194 2680 rursus
1263 2619 1533 2681 saeuitia
1605 2631 1801 2699 atque
1851 2620 2121 2681 auaritia
2169 2619 2324 2681 laesi
2376 2621 2588 2701 magis
2633 2622 3025 2688 timendi2o

561 2728 634 2787 18
659 2739 828 2788 sunt.
924 2726 1145 2806 itaque
1202 2725 1483 2806 diligens
1530 2726 1837 2787 dominus
1883 2746 2031 2788 cum
2079 2738 2145 2787 et
2193 2728 2278 2789 ab
2325 2728 2487 2808 ipsis
2535 2740 2672 2790 tum
2729 2743 2808 2792 et
2845 2730 2936 2791 ab

586 2882 591 2887 .
657 2831 904 2905 solutis,
957 2832 1196 2914 quibus
1246 2834 1451 2894 maior
1498 2846 1599 2895 est
1647 2832 1831 2908 fides,
1882 2835 2155 2914 quaerit,
2205 2855 2287 2896 an
2322 2854 2410 2896 ex
2443 2854 2559 2897 sua
2592 2838 2932 2900 constitu·

654 2942 835 3002 tione
882 2942 1050 3003 iusta
1100 2941 1484 3021 percipiant,
1543 2953 1742 3021 atque
1791 2942 1933 3021 ipse
1982 2943 2171 3021 panis
2221 2943 2642 3023 potionisque
2694 2945 2930 3025 probi·

841 3153 857 3184 ι
904 3136 1255 3199 intellegerem
1295 3140 1369 3186 SA
1407 3136 1747 3200 intelligerem
1786 3139 1856 3186 di
1900 3137 2246 3200 intelligemur
2282 3140 2315 3186 ὅ
2353 3139 2644 3201 intelligere
2683 3144 2735 3189 R

656 3243 774 3274 num
814 3230 848 3275 S
901 3224 1072 3287 (quam
1111 3243 1179 3274 ss.
1220 3243 1290 3273 m.
1329 3226 1443 3286 rec.)
1482 3230 1520 3276 A
1578 3243 1839 3288 nunquam
1878 3233 1920 3276 Β
2158 3239 2188 3275 2
2227 3228 2431 3276 iocarer
2468 3230 2542 3276 SA
2599 3228 2842 3279 iocur-ier
2882 3232 2924 3277 B

834 3317 1135 3377 permittere
1172 3314 1268 3365 Ab!
1545 3334 1575 3376 4
1630 3318 1783 3377 quale
1835 3332 2094 3377 quamque
2143 3318 2223 3364 ue!
2269 3332 2512 3378 quanque
2563 3318 2631 3365 sit
2669 3320 2721 3367 R
2762 3319 2925 3379 quale

657 3405 780 3467 εἴπῃ
821 3414 901 3455 est
945 3408 980 3453 S
1018 3407 1171 3466 quale
1215 3421 1376 3467 cunq3
1427 3414 1508 3455 est
1552 3408 1621 3454 ὃὸ
1662 3408 1815 3466 quale
1868 3421 2126 3467 quamque
2165 3414 2246 3454 est
2283 3409 2322 3455 A
2539 3409 2573 3454 6
2610 3408 2840 3471 aggredi
2880 3411 2922 3455 B

838 3511 863 3555 7
905 3503 1085 3556 putant
1123 3497 1387 3556 Sdgklptu
1426 3504 1574 3558 putat
1610 3497 1698 3544 AR
1879 3511 1994 3543 nam
2034 3499 2118 3545 AB
2154 3496 2232 3544 ria
2269 3502 2325 3543 ut
2359 3496 2466 3544 uid.
2509 3496 2585 3552 (in
2631 3513 2819 3560 marg.
2869 3502 2921 3543 et

655 3582 840 3645 adscr.)
875 3588 909 3634 S
1053 3585 1325 3634 sollemnia
1375 3589 1409 3635 S
1444 3586 1699 3633 solemnia
1735 3586 1844 3642 (alt.
1885 3587 1898 3633 l
1936 3600 2005 3632 ss.
2045 3601 2116 3632 m.
2155 3586 2272 3641 uer.)
2318 3589 2357 3635 A
2410 3586 2668 3634 solemnia
2716 3588 2766 3636 R
2812 3586 2915 3634 sol·

655 3674 825 3721 lenuit
880 3676 913 3721 ὅ
1141 3676 1173 3722 8
1231 3674 1595 3735 circumseptis
1651 3669 1820 3722 SAnd¹
2029 3689 2400 3736 recognoscam
2457 3676 2663 3737 scripsi:
2729 3689 2916 3736 recog·

656 3772 873 3812 noscant
928 3766 1048 3813 SAR
1212 3765 1482 3825 explorem
1546 3766 1748 3825 scripsi:
1807 3765 2082 3825 explorent
2137 3765 2256 3813 SAR
2471 3778 2505 3824 9
2561 3765 2726 3814 uincti
2774 3763 2916 3813 SA&

655 3853 824 3901 uincta
865 3856 905 3901 B
1037 3869 1100 3901 1o
1140 3869 1260 3902 num
1300 3868 1454 3913 quem
1493 3855 1675 3914 scripsi
1703 3858 1973 3915 praeeunte
2007 3858 2233 3915 exparte
2258 3851 2590 3901 Schneidero:
2619 3865 2910 3914 numquam

652 3940 759 3990 SAb
798 3958 919 3990 num
958 3948 1001 3992 R
1070 3943 1357 4004 alligauerit
1394 3944 1513 3990 SAR
1641 3955 1694 3989 11
1741 3942 2058 3990 reuincxerit
2091 3945 2164 3991 SA
2282 3957 2340 3989 12
2380 3952 2551 3991 tanem
2578 3940 2675 4002 (an
2706 3940 2914 3992 tarem?
3085 3972 3088 4021 ]

652 4034 704 4078 in
744 4032 897 4080 talem
931 4038 1105 4094 postea
1152 4032 1303 4078 corni
1340 4033 1377 4080 A
1551 4046 1614 4092 13
1642 4031 1972 4079 muletauerit
1998 4037 2040 4081 B
2073 4032 2296 4093 plerique
2476 4047 2534 4091 14
2575 4030 2843 4081 uincxerit
2877 4029 2911 4075 S
3085 4056 3086 4093 χ

653 4122 866 4170 υἰυεετίι
905 4128 957 4173 (x
996 4136 1064 4169 ss.
1107 4137 1175 4167 m.
1216 4120 1330 4175 rec.)
1366 4124 1405 4170 A
1561 4136 1619 4181 15
1649 4120 1890 4168 dominus
1929 4122 1982 4168 in
2022 4126 2156 4168 textu
2196 4137 2317 4177 om„
2357 4123 2540 4184 iumg.
2581 4121 2710 4170 add.
2751 4123 2790 4169 A

659 4213 719 4258 18
758 4218 812 4258 ut
851 4216 965 4257 ante
1004 4225 1221 4271 operum
1262 4226 1363 4256 om.
1388 4213 1429 4257 R
1565 4222 1623 4268 19
1653 4218 1709 4257 ut
1727 4204 1990 4270 SAnd²1pfi
2020 4218 2073 4258 et
2099 4211 2144 4258 R
2170 4218 2220 4258 et
2247 4219 2304 4258 ut
2329 4213 2366 4259 k
2511 4226 2579 4258 20
2607 4210 2844 4260 timenda
2867 4206 2904 4253 A

836 4312 893 4346 21
941 4300 1084 4347 absis
1121 4308 1219 4361 (pr.
1260 4315 1286 4347 ε
1325 4301 1379 4346 in
1419 4301 1545 4355 ras.)
1583 4302 1616 4347 S
1653 4299 1725 4360 (ip
1763 4314 1831 4346 ss.
1871 4316 1942 4346 m.
1982 4299 2095 4355 rec.)
2132 4301 2169 4348 A
2355 4313 2422 4360 23
2462 4299 2603 4348 iuxta
2644 4303 2727 4349 Aa

651 4389 904 4449 potioniq.
945 4392 978 4435 S
1015 4389 1321 4450 potionique
1363 4398 1407 4437 (s
1446 4404 1512 4434 ss.
1555 4405 1624 4435 m.
1665 4385 1777 4450 rec.)
1814 4391 1852 4436 A
2034 4389 2344 4449 probitatem
2384 4387 2490 4437 SA&
2531 4391 2820 4438 bonitatem
2859 4387 2900 4432 B
