3109 5559
1078 229 1176 270 nm
1227 227 1536 273 κνετιωε
1586 229 1694 273 Lm.
1745 230 1780 273 n
1829 238 1873 270 c.
1928 233 2005 285 15.
2053 224 2113 270 16
2641 232 2721 286 97

482 385 844 461 lubricosiS‚
916 407 1064 449 cum
1139 389 1399 450 tertium
1466 391 1695 470 egerit.
1791 389 1938 465 illic,
2011 391 2166 452 dum
2236 403 2531 452 tenerum
2598 403 2722 467 est,

317 514 328 647 Ι
483 496 898 571 conuertitur,
963 507 1034 557 ut
1094 495 1390 558 celeriter
1448 498 1664 579 ipsum
1730 508 2063 578 putrescat
2123 498 2725 580 permisceaturque

482 600 700 681 gracili
770 602 936 676 solo,
1005 603 1111 665 hic
1181 605 1308 666 iam
1380 604 1734 677 robustius,
1805 604 1987 684 quod
2049 603 2378 667 solidioris
2441 605 2716 686 glaebas

480 709 722 770 diutius
767 710 1091 771 sustineat
1135 722 1202 772 et
1246 712 1633 792 suspendat,
1684 723 1755 774 ut
1787 731 1906 773 eae
1937 710 2188 774 solibus
2221 712 2492 774 aestiuis
2523 732 2722 793 uapo-

432 829 654 894 5ratae
704 809 1136 881 resoluantur.
2003 801 2006 804 ’

651 923 883 1006 Atque
930 925 1094 986 haec
1139 936 1357 987 arator
1402 927 1678 1006 exsequi
1726 927 1987 1007 poterit,
2036 927 2256 988 sinon
2284 924 2519 1001 solum,
2553 946 2723 1007 quae
2744 923 2830 988 16

476 1030 691 1093 rettuli
763 1050 1008 1111 genera
1073 1030 1461 1111 pabulorum
1510 1033 1890 1114 prouiderit‚
1938 1052 2166 1095 uerum
2214 1034 2412 1096 etiam
2459 1035 2720 1115 copiam

475 1138 668 1212 faeni,
741 1158 875 1218 quo
944 1137 1179 1200 melius
1246 1150 1541 1201 armenta
1608 1151 1887 1213 tueatur,
1958 1140 2103 1202 sine
2170 1139 2409 1220 quibus
2481 1151 2719 1202 terram

470 1246 826 1308 commode
895 1243 1103 1307 moliri
1153 1244 1418 1308 difficile
1464 1256 1586 1318 est,
1634 1261 1702 1309 et
1747 1248 1900 1310 ideo
1948 1248 2355 1310 necessarius
2402 1248 2462 1309 ei
2509 1246 2722 1310 cultus

396 1379 452 1414 10
469 1365 572 1415 est
615 1354 818 1416 etiam
867 1353 1058 1432 prati,
1106 1354 1211 1414 cui
1260 1366 1518 1416 ueteres
1560 1353 1840 1416 Romani
1876 1355 2120 1436 primas
2151 1356 2214 1416 in
2251 1353 2721 1435 agricolatione

468 1461 855 1534 tribuerunt,
929 1480 1168 1522 nomen
1239 1480 1503 1541 quoque
1571 1462 1949 1524 indiderunt
2010 1461 2096 1523 ab
2141 1483 2244 1537 e0,
2293 1463 2474 1543 quod
2522 1463 2777 1544 proti-2

469 1588 591 1629 nus
638 1578 820 1629 esset
866 1578 1165 1647 paratum
1216 1586 1340 1629 nec
1385 1588 1697 1648 magnum
1731 1566 2023 1631 laborem
2057 1569 2484 1631 desideraret.
2556 1568 2719 1630 Mar-

467 1695 584 1737 cus
630 1675 907 1755 quidem
953 1674 1218 1737 Porcius
1265 1685 1332 1737 et
1385 1673 1495 1736 illa
1526 1677 2067 1749 conmemorauit,
2101 1676 2281 1757 quod
2315 1695 2436 1737 nec
2470 1686 2718 1757 tempe·-

467 1782 750 1844 statibus
781 1780 1200 1863 adfligeretur
1231 1793 1303 1844 ut
1334 1781 1502 1844 aliae
1533 1768 1758 1862 partes
1790 1784 1952 1844 ruris
1984 1783 2384 1863 minimeque
2414 1794 2719 1863 sumptus

395 1909 675 1970 15egens
749 1908 865 1969 per
933 1889 1149 1951 omnis
1218 1908 1431 1950 annos
1500 1888 1848 1969 praeberet
1917 1890 2196 1952 reditum
2272 1909 2487 1971 neque
2567 1910 2717 1951 eum

467 1996 858 2078 simplicem,
908 2015 1056 2057 cum
1103 1997 1303 2058 etiam
1351 1996 1418 2058 in
1467 1994 1714 2076 pabulo
1762 2016 1892 2058 non
1928 1998 2143 2058 minus
2176 1997 2486 2058 redderet
2517 2016 2715 2077 quam

469 2107 529 2165 in
581 2104 800 2167 faeno,
894 2105 1033 2166 eius
1081 2103 1278 2183 igitur
1322 2104 1906 2165 animaduertimus
1952 2102 2087 2164 duo
2133 2123 2403 2183 genera,
2438 2122 2715 2184 quorum
2741 2121 2776 2183 3

299 2240 308 2315 Ι
467 2211 744 2273 alterum
816 2221 918 2272 est
986 2211 1384 2283 siccaneum‚
1435 2209 1710 2273 alterum
1759 2212 2036 2291 riguum.
2132 2209 2307 2273 laeto
2355 2210 2716 2291 pinguique

297 2332 306 2397 Ι
465 2338 707 2399 campo
778 2338 908 2379 non
979 2318 1391 2379 desideratur
1460 2317 1740 2380 influens
1786 2318 1981 2391 rinS,
2030 2316 2392 2398 meliusque
2439 2317 2717 2380 habetur
2751 2300 2770 2327 ⁰

389 2426 749 2497 zosaenum‚
822 2426 1000 2506 quod
1071 2437 1310 2505 suapte
1379 2435 1613 2487 natura
1668 2444 1910 2487 sucoso
1966 2425 2255 2505 gignitur
2301 2423 2467 2498 solo,
2518 2444 2712 2506 quam

463 2533 643 2612 quod
695 2532 1043 2612 inrigatum
1093 2532 1281 2611 aquis
1327 2531 1607 2607 elicitur;
1641 2551 1811 2612 quae
1845 2543 2065 2594 tamen
2099 2542 2250 2593 sunt
2282 2532 2713 2605 necessariae,

462 2641 514 2699 si
589 2639 836 2700 macies
908 2650 1116 2700 terrae
1187 2637 1500 2719 postulat.
1598 2659 1748 2700 nam
1819 2649 1888 2700 et
1934 2639 1997 2699 in
2046 2639 2254 2700 densa
2301 2649 2366 2700 et
2425 2636 2711 2700 resoluta

462 2748 684 2818 hume,
779 2746 1082 2826 quamuis
1149 2745 1327 2819 exili,
1402 2755 1658 2826 pratum
1729 2745 1867 2807 fieri
1931 2755 2172 2825 potest,
2238 2764 2385 2806 cum
2437 2743 2712 2806 facultas

460 2854 790 2933 inrigandi
864 2852 1073 2926 datur,
1145 2873 1221 2915 ac
1303 2872 1425 2915 nec
1472 2872 1747 2932 campus
1793 2871 2128 2914 concanae
2174 2852 2521 2932 positionis
2566 2871 2712 2914 esse

303 1592 312 1669 —
301 1448 310 1529 -n-fr

303 1786 312 1845 2*-

303 1892 312 1931 -μ-

649 2995 667 3028 1
699 2981 977 3027 rubricosis
997 2980 1039 3026 Β
1181 2981 1340 3043 egerit
1361 2980 1534 3029 florem
1555 2983 1600 3028 Β
1748 2993 1777 3028 2
1804 2981 2165 3042 permisceatur
2185 2977 2262 3042 (q;
2287 2995 2349 3026 ss.
2375 2995 2440 3026 m.
2463 2975 2577 3034 rec.)
2602 2980 2641 3027 A

455 3085 485 3133 3
513 3088 620 3133 quo
645 3071 718 3127 Sp
862 3084 894 3129 4
921 3084 1011 3116 eae
1036 3069 1069 3115 (l
1095 3085 1154 3118 ae
1180 3069 1213 3115 S
1238 3084 1280 3117 ae
1306 3071 1343 3117 A
1372 3086 1430 3118 ee
1457 3070 1542 3117 uel
1556 3085 1617 3117 ea
1637 3086 1664 3117 e
1685 3071 1769 3117 uel
1792 3070 1855 3116 he
1883 3070 1925 3115 Β
2070 3085 2259 3132 uapor-a
2278 3078 2414 3117 atere
2436 3061 2651 3117 soluant²
2673 3070 2712 3115 A

640 3160 736 3208 XV
743 3159 781 3206 1.
846 3159 1008 3220 Quem
1048 3159 1111 3205 ad
1151 3160 1354 3207 modum
1393 3175 1453 3206 ex
1492 3175 1617 3206 aruo
1652 3168 1795 3221 prata
1834 3158 1957 3207 fiunt
1976 3156 2042 3218 cb
2070 3158 2247 3206 XXIII
2276 3158 2412 3205 rubr.
2449 3170 2500 3205 111
2529 3158 2711 3219 Quem-

452 3250 734 3297 admodum
790 3264 851 3295 ex
908 3264 1031 3295 aruo
1086 3258 1226 3310 prata
1283 3247 1400 3296 fiant
1457 3249 1592 3295 rubr.
1632 3261 1665 3306 q
1721 3244 1853 3302 (add.
1896 3245 2092 3303 XXIII)
2127 3250 2182 3294 in
2222 3262 2386 3308 marg.
2428 3247 2565 3294 rubr.
2592 3259 2620 3293 s
2655 3251 2709 3294 in

452 3354 620 3398 marg.
661 3337 696 3383 d
844 3338 878 3383 6
916 3345 1083 3384 orator
1119 3334 1213 3398 (pr.
1252 3352 1285 3384 o
1319 3339 1374 3384 in
1413 3354 1442 3384 a
1470 3343 1642 3397 postea
1681 3334 1825 3393 mut.)
1861 3337 1895 3383 S
2039 3336 2246 3398 exsequi
2273 3336 2331 3382 ⁸1
2367 3337 2548 3399 exequi
2588 3336 2709 3384 ΕΔΒ

603 3439 633 3488 7
679 3427 823 3474 retuli
851 3426 894 3472 Β
909 3426 1137 3488 plerique
1282 3425 1314 3473 8
1340 3435 1505 3474 tuaetu
1542 3423 1616 3479 (in
1657 3434 1850 3474 tueatur
1886 3434 2007 3473 mut.
2048 3441 2111 3473 m.
2152 3421 2262 3480 alt.)
2300 3426 2335 3472 S
2372 3421 2419 3480 (a
2459 3441 2496 3471 s.
2538 3441 2566 3473 e
2604 3433 2649 3472 et
2688 3442 2711 3473 r

449 3536 486 3563 s.
533 3534 562 3564 ιι
603 3532 700 3563 scr.
741 3531 806 3562 m.
847 3515 960 3571 rec.)
988 3515 1026 3561 A
1190 3528 1222 3573 9
1250 3512 1545 3563 comodeliri
1587 3517 1622 3562 A
1777 3529 1840 3563 10
1877 3515 2088 3563 romiani
2126 3512 2226 3577 (pr.
2268 3516 2281 3561 i
2312 3521 2486 3576 postea
2512 3511 2643 3577 exp.)
2668 3516 2705 3561 A

599 3606 794 3668 primas
831 3619 925 3650 om.
965 3603 1003 3650 A
1156 3617 1214 3652 12
1256 3619 1452 3651 marcus
1488 3604 1563 3650 SA
1602 3605 1672 3652 M.
1713 3606 1755 3651 Β
1906 3617 1965 3666 13
2006 3604 2423 3653 commemorauit
2448 3603 2568 3651 SAR

457 3708 518 3754 14
559 3694 877 3757 affligeretur
911 3696 955 3740 Β
982 3694 1207 3755 plerique
1364 3693 1659 3756 minimique
1696 3693 1715 3739 l
1752 3700 1869 3741 καί.
1908 3694 2011 3741 edd.
2166 3704 2224 3755 15
2271 3707 2428 3755 egens
2467 3696 2509 3741 Β
2545 3696 2705 3741 eroris

449 3784 526 3829 SA
689 3782 750 3830 18
789 3782 1101 3830 §incanteum
1140 3781 1212 3829 SA
1357 3776 1582 3838 lllllter‘ft
1621 3779 1670 3837 (a
1705 3784 1759 3828 in
1797 3798 1897 3829 ras.
1938 3798 2027 3829 scr.
2056 3798 2121 3829 m.
2149 3780 2260 3837 alt.)
2287 3782 2321 3829 S
2494 3796 2552 3842 19
2580 3783 2705 3830 desi-

449 3874 661 3920 deretur
700 3871 776 3917 SA
939 3872 1076 3919 riuus
1113 3873 1156 3919 Β
1303 3872 1481 3919 melius
1518 3871 1592 3917 SA
1739 3884 1807 3918 20
1844 3880 2017 3933 suapte
2042 3868 2201 3926 (suste
2229 3867 2289 3926 A)
2316 3882 2464 3920 natur
2488 3872 2631 3934 aquis
2660 3884 2707 3920 et

449 3962 664 4024 eligitur
701 3975 796 4008 orn.
835 3968 938 4008 cett.
977 3960 1049 4007 SA
1196 3976 1410 4009 succoso
1446 3962 1517 4008 ed.
1557 3962 1693 4008 Ala„-
1731 3976 1853 4008 suco
1877 3958 1981 4014 (uel
2003 3957 2175 4015 succo)
2202 3976 2293 4008 suo
2325 3963 2368 4008 Β
2514 3973 2573 4009 21
2602 3961 2705 4009 irri-

452 4060 627 4111 gatum
668 4049 687 4095 l
730 4049 963 4111 irrigatur
997 4051 1039 4097 Β
1184 4063 1249 4097 22
1291 4050 1408 4097 inde
1447 4060 1496 4096 et
1533 4050 1747 4098 resolata
1783 4050 1818 4096 S
1852 4046 1963 4105 (nsa
2000 4066 2038 4096 s.
2075 4050 2139 4097 de
2163 4058 2211 4097 et
2236 4066 2265 4097 u
2297 4065 2334 4096 s.
2355 4057 2438 4111 pr.
2467 4067 2495 4097 a
2521 4066 2611 4097 scr.
2640 4066 2704 4097 m.

456 4138 571 4191 rec.)
610 4137 651 4185 A
803 4150 866 4199 23
895 4139 1108 4200 quanuis
1136 4140 1421 4216 Rpfen‘que
1565 4139 1681 4185 exili
1709 4138 1742 4184 S
1767 4138 1903 4185 exilii
1933 4139 1972 4185 A
1997 4139 2128 4187 exile
2154 4138 2199 4184 Β
2348 4148 2463 4201 patu
2491 4139 2564 4186 SA

462 4238 524 4285 24
567 4226 812 4288 irrigandi
852 4226 895 4271 Β
1038 4243 1161 4275 neae
1198 4228 1272 4274 SA
1433 4228 1659 4274 concuba
1695 4224 1750 4282 (b
1785 4230 1841 4273 in
1880 4243 1909 4272 v
1941 4234 2109 4288 possea
2147 4226 2292 4283 mut.)
2333 4229 2366 4273 S
2404 4243 2625 4275 concana
2664 4229 2701 4273 A
