3109 5559
1524 276 1645 341 Rei
1675 275 1957 342 rusticae
1986 275 2100 342 lib.
2137 277 2233 341 IV
2262 298 2319 342 c.
2354 296 2437 363 29
2565 296 2651 362 99

179 452 703 519 summittuntur
759 452 829 518 in
889 452 1300 540 propagines.
1362 466 1721 519 autumnus
1782 452 2019 519 deinde
2079 453 2314 519 falcem
2374 455 2649 520 maturis

178 558 575 646 palmitibus
615 559 946 626 admouet.
990 559 1107 626 sed
1148 558 1507 647 putationis
1546 559 1759 625 insitis
1798 559 2168 625 custoditur
2206 582 2283 626 ea
2322 559 2507 639 ratio,
2550 574 2645 641 ut,

67 680 134 731 80
176 665 305 732 ubi
348 665 531 732 nulla
569 665 977 732 desideratur
1016 678 1328 753 propage,
1372 688 1546 732 unus
1587 665 1890 732 surculus
1929 680 2242 732 euocetur
2282 667 2352 732 in
2392 666 2644 753 iugum,

0 2292 139 2345 ,95

65 2823 148 2861 100

179 773 351 839 alter
387 773 479 839 ita
513 773 858 852 recidatur,
896 787 971 840 ut
1004 773 1406 859 adaequetur
1440 772 1630 859 plaga
1662 787 1919 852 trunco,
1957 773 2051 839 sic
2085 787 2327 853 tamen,
2365 795 2449 839 ne
2485 773 2648 860 quid

179 880 459 956 radatur
488 902 524 945 e
557 868 744 945 duro,
838 900 922 945 ιι
964 879 1489 965 pampinandum
1518 900 1656 946 non
1688 879 1872 947 aliter
1902 894 2021 959 est,
2056 901 2257 966 quam
2288 880 2358 945 in
2389 880 2651 946 nouella

179 985 574 1065 uiuiradice;
604 985 978 1072 putandum
1003 1007 1163 1052 uero
1191 986 1305 1065 sic,
1335 1000 1410 1053 ut
1436 1007 1649 1072 usque
1676 986 1747 1052 in
1775 1000 2084 1072 quartum
2111 1007 2363 1052 annum
2388 987 2649 1074 parcius

181 1092 572 1178 imperetur,
606 1092 771 1158 dum
802 1092 992 1179 plaga
1019 1092 1237 1159 trunci
1268 1093 1464 1158 ducat
1495 1093 1883 1159 cicatricem.

267 1201 495 1286 Atque
526 1199 687 1265 haec
717 1221 835 1284 per
864 1197 1168 1265 fissuram
1197 1199 1542 1266 insitarum
1572 1213 1672 1266 est
1701 1199 2048 1279 ordinatim
2139 1220 2223 1282 13
2266 1199 2375 1265 illa
2404 1199 2499 1266 sic
2529 1223 2649 1286 per

179 1305 718 1373 terebrationem:
788 1306 1080 1393 primum
1143 1328 1225 1372 ex
1289 1305 1510 1372 uicino
1576 1305 2167 1372 fructuosissimam
2233 1306 2645 1373 considerare

182 1412 420 1491 uitem,
451 1434 533 1478 ex
561 1435 692 1499 qua
720 1412 904 1479 uelut
930 1413 1270 1479 traducem
1298 1412 1748 1478 inhaerentem
1777 1413 1967 1479 matri
1997 1412 2337 1499 palmitem
2364 1412 2649 1480 attrahas

179 1533 248 1586 et
295 1541 420 1605 per
462 1518 760 1585 foramen
804 1518 1145 1585 tramittas.
1194 1519 1356 1585 haec
1398 1517 1580 1585 enim
1622 1519 1826 1585 tutior
1870 1533 1936 1586 et
1979 1519 2217 1585 certior
2260 1533 2360 1586 est
2403 1519 2645 1599 insitio,

183 1625 528 1712 quoniam,
570 1626 695 1692 etsi
733 1625 1034 1711 proximo
1075 1647 1229 1691 uere
1268 1647 1404 1692 non
1445 1625 1857 1712 conprendit,
1900 1640 2216 1712 sequente
2256 1640 2450 1706 certe,
2493 1648 2649 1692 cum

180 1732 488 1812 increuit,
517 1732 829 1818 coniungi
852 1732 1109 1818 cogitur
1132 1746 1198 1799 et
1222 1755 1377 1798 mox
1402 1754 1439 1797 a
1463 1746 1670 1798 matre
1696 1732 2007 1798 reciditur
2031 1746 2227 1819 atque
2251 1733 2394 1819 ipsa
2418 1755 2648 1820 super-

182 1838 370 1905 ficies
412 1839 643 1905 insitae
686 1838 841 1905 uitis
881 1860 1093 1926 usque
1135 1839 1218 1904 ad
1260 1852 1599 1925 receptum
1640 1838 1981 1905 surculum
2021 1839 2471 1905 obtruncatur.
2563 1860 2649 1922 14

182 1945 389 2011 huius
420 1944 710 2012 traducis
742 1946 796 2011 si
830 1967 965 2011 non
996 1960 1096 2013 est
1127 1945 1420 2025 facultas,
1455 1958 1602 2011 tum
1635 1945 2003 2012 detractum
2034 1945 2156 2012 uiti
2189 1968 2390 2032 quam
2422 1968 2647 2012 recen-

183 2052 523 2118 tissimum
571 2052 832 2138 eligitur
881 2066 1306 2131 sarmentum,
1359 2066 1426 2119 et
1474 2051 1708 2118 leuiter
1756 2052 2248 2132 circumrasum,
2301 2067 2376 2120 ut
2426 2067 2649 2119 cortex

182 2172 451 2225 tantum
495 2157 891 2238 detrahatur,
937 2172 1197 2243 aptatur
1239 2158 1567 2238 foramini,
1614 2171 1810 2244 atque
1854 2157 1942 2224 ita
1985 2158 2125 2224 luto
2169 2157 2649 2225 circumlinitur

185 2279 437 2331 resecta
487 2265 661 2344 uitis,
715 2279 790 2332 ut
838 2278 1018 2331 totus
1067 2279 1342 2332 truncus
1392 2264 1771 2351 alienigenis
1821 2265 2099 2330 surculis
2150 2265 2411 2344 seruiat;
2466 2266 2648 2352 quod

185 2371 465 2458 quidem
495 2393 630 2437 non
659 2370 736 2438 fit
764 2372 833 2437 in
863 2372 1153 2451 traduce,
1188 2372 1304 2458 qui
1332 2385 1631 2437 materno
1661 2371 2021 2438 sustinetur
2050 2371 2272 2451 ubere,
2308 2372 2471 2438 dum
2502 2372 2646 2438 ino-

184 2477 407 2544 lescat.

271 2604 359 2666 15
403 2583 536 2649 Sed
578 2584 756 2651 aliud
797 2600 897 2651 est
937 2584 1430 2664 ferramentum,
1477 2607 1612 2671 quo
1654 2584 1905 2670 priores
1947 2585 2155 2652 uitem
2195 2584 2640 2672 perforabant,

189 2690 393 2770 aliud,
450 2691 631 2777 quod
683 2691 823 2778 ipse
873 2713 1000 2757 usu
1051 2713 1231 2757 nunc
1282 2692 1489 2777 magis
1539 2705 1772 2778 aptum
1822 2692 2110 2778 conperi.
2166 2713 2322 2757 nam
2372 2691 2643 2779 antiqua

188 2796 466 2876 terebra,
501 2819 703 2885 quam
732 2798 941 2863 solam
970 2811 1225 2864 ueteres
1255 2798 1571 2884 agricolae
1603 2812 1944 2877 nouerant,
1978 2797 2337 2882 sc[r]obem
2367 2797 2649 2864 faciebat

187 2917 253 2970 et
297 2904 652 2990 perurebat
697 2925 843 2970 eam
890 2917 1164 2991 partem,
1216 2926 1416 2991 quam
1463 2904 1929 2989 perforauerat;
1979 2904 2208 2970 deusta
2255 2926 2452 2991 porro
2499 2926 2645 2971 raro

188 3010 625 3077 reuirescebat
662 3025 728 3078 et
764 3011 1000 3077 insitus
1036 3011 1338 3077 surculus
1375 3010 1973 3097 conprehendebat,
2013 3024 2158 3076 tum
2194 3011 2394 3077 etiam
2430 3011 2648 3077 scobis

189 3138 559 3204 numquam
611 3117 705 3183 sic
756 3116 1184 3197 eximebatur,
1240 3133 1315 3184 ut
1368 3140 1502 3183 non
1555 3116 1919 3183 inhaereret
1971 3115 2277 3182 foramini
2329 3131 2395 3183 et
2447 3139 2647 3204 porro

194 3294 362 3346 mitur
391 3291 556 3358 hjfpu
583 3293 823 3346 sumitur
851 3293 928 3358 λς
957 3293 1321 3346 summittitur
1350 3309 1389 3357 y
1422 3320 1461 3330 -
1495 3305 1786 3345 autemnus
1816 3292 1907 3344 SA
1940 3319 1978 3328 -
2007 3306 2076 3356 79
2106 3294 2203 3346 sed
2227 3292 2525 3357 putationis
2548 3291 2652 3358 hio

195 3399 251 3433 se
294 3382 595 3447 putationis
634 3382 673 3434 S
701 3383 1060 3447 septuationis
1089 3383 1142 3434 A
1170 3383 1217 3434 si
1246 3383 1623 3446 putationibus
1654 3382 1697 3433 λ
1731 3408 1768 3418 -
1804 3382 1874 3433 80
1903 3382 2109 3434 nullam
2138 3380 2470 3447 SAh¹mfyu
2504 3408 2543 3418 -
2578 3383 2645 3435 82

191 3471 411 3524 radatur
448 3470 577 3523 Ιιλσ
613 3483 795 3523 aratur
833 3488 963 3523 nam
1001 3471 1093 3523 SA
1131 3472 1340 3524 raditur
1370 3470 1395 3537 j
1431 3498 1470 3508 -
1505 3472 1571 3535 83
1614 3471 1829 3536 parcius
1869 3469 2044 3535 abne
2082 3472 2288 3535 partius
2328 3471 2471 3523 SAR
2504 3497 2543 3507 -
2578 3471 2647 3535 84

192 3559 355 3613 ducat
381 3561 435 3612 R
461 3560 615 3613 ducit
641 3560 681 3613 S
706 3561 837 3613 duci
863 3560 916 3612 A
949 3587 987 3596 —
1023 3561 1091 3612 86
1117 3561 1535 3613 terebraciorem
1561 3560 1636 3612 A¹
1661 3560 2091 3612 terebracionem
2116 3560 2191 3612 A¹
2226 3586 2265 3596 -
2300 3560 2368 3624 87
2395 3559 2564 3612 uelud
2590 3560 2643 3612 A

191 3674 228 3684 -
261 3650 329 3702 88
361 3650 535 3702 tutior
564 3650 618 3701 R
649 3650 891 3714 putatior
922 3649 1014 3702 SA
1048 3676 1086 3685 —
1120 3661 1202 3701 est
1235 3666 1333 3701 om.
1369 3649 1432 3702 S¹
1466 3676 1504 3685 -
1540 3650 1610 3712 89
1642 3649 2040 3713 conprehendit
2070 3649 2175 3701 AR
2207 3675 2246 3685 -
2281 3665 2351 3712 90
2382 3649 2644 3713 coniungi

186 3735 287 3803 ibe
314 3739 611 3802 coniugem
638 3739 730 3791 SA
757 3739 978 3803 coniugi
1006 3738 1164 3791 hmo
1195 3765 1233 3774 -
1269 3738 1540 3791 receditur
1569 3738 1608 3790 S
1642 3765 1681 3775 -
1715 3754 1778 3802 91
1813 3738 1958 3790 uitae
1986 3738 2076 3791 SA
2111 3764 2150 3774 -
2183 3754 2252 3802 92
2281 3749 2404 3790 tum
2424 3736 2487 3803 je
2516 3755 2645 3791 cum

194 3825 576 3880 satamhzo
606 3854 645 3864 -
678 3828 1033 3880 tractumSA
1066 3854 1104 3863 -
1140 3843 1206 3891 9³
1235 3827 1720 3880 eannentumS¹A
1752 3854 1790 3863 -
1826 3827 2242 3891 94artaturSA
2276 3853 2314 3862 -
2350 3826 2575 3879 latoSA
2610 3853 2647 3863 -

196 3930 259 3979 95
294 3929 355 3969 ut
392 3956 406 3969 .
423 3956 435 3969 .
451 3956 463 3969 .
499 3917 732 3969 surculis
767 3916 929 3970 Schn.
966 3918 1196 3970 ultratus
1225 3918 1476 3969 surculus
1497 3916 1811 3980 alienigenis
1830 3916 2063 3969 surculis
2082 3916 2121 3968 S
2141 3918 2373 3968 ultratus
2392 3916 2644 3968 surculus

197 4003 246 4054 A
271 4017 332 4057 ut
358 4017 509 4058 totus
536 4017 766 4059 truncus
794 4006 956 4058 alieni
983 4006 1196 4070 generis
1224 4006 1432 4069 (generi
1453 4004 1670 4072 jlspyu)
1699 4006 1829 4057 uitis
1857 4006 1982 4069 (uiti
2009 4006 2068 4070 9)
2095 4006 2149 4057 R
2181 4032 2219 4041 -
2254 4017 2391 4069 quot
2417 4006 2470 4057 A
2503 4032 2541 4041 -
2577 4006 2645 4068 96

196 4093 418 4155 quidam
449 4094 618 4147 ΒΑΜ
644 4121 684 4131 -
717 4112 831 4148 non
863 4112 961 4147 om.
996 4094 1153 4146 SAh¹
1189 4121 1228 4131 -
1261 4111 1372 4159 qua
1402 4094 1578 4148 sAh-
1612 4121 1650 4130 -
1684 4096 1821 4146 dum
1851 4095 1905 4146 R
1935 4112 2066 4146 cum
2096 4095 2187 4146 SA
2221 4121 2259 4130 -
2294 4095 2363 4158 98
2396 4105 2477 4146 set
2510 4094 2644 4147 aliut

197 4180 255 4232 8ι
290 4209 329 4219 -
361 4185 514 4247 quod
540 4185 593 4236 A
626 4211 664 4220 -
699 4184 895 4248 prioris
921 4184 1013 4236 SA
1046 4211 1084 4220 -
1118 4199 1188 4248 99
1216 4184 1349 4236 aliut
1374 4184 1437 4236 8ι
1472 4210 1511 4220 -
1545 4184 1663 4248 ipse
1689 4184 1782 4236 SR
1806 4184 1865 4236 in
1890 4200 1948 4235 se
1973 4184 2026 4235 A
2059 4210 2098 4220 -
2133 4201 2266 4235 usus
2291 4184 2345 4235 R
2377 4210 2415 4220 -
2450 4183 2640 4236 matris

197 4269 283 4321 SA
317 4299 355 4308 -
387 4274 658 4338 comperit
692 4273 746 4324 R
779 4300 817 4310 -
851 4273 1133 4337 antiquam
1169 4273 1261 4325 SA
1295 4300 1333 4310 -
1374 4289 1473 4325 100
1508 4274 1662 4325 tebra
1697 4272 1760 4324 8ι
1796 4273 2020 4324 tenebra
2055 4271 2309 4337 Ah²mfy
2342 4299 2380 4309 -
2414 4273 2639 4324 scobem

198 4359 356 4424 ed.pr.
387 4363 641 4414 scrobem
668 4362 811 4414 SAR
843 4389 882 4399 -
909 4372 1030 4427 post
1057 4363 1289 4415 faciebat
1317 4362 1439 4414 add.
1471 4379 1593 4414 raro
1622 4362 1982 4414 renitescebat
2011 4361 2054 4412 λ
2088 4389 2126 4398 -
2168 4378 2259 4413 101
2296 4373 2349 4413 et
2379 4378 2477 4413 om.
2509 4361 2645 4413 SAR

199 4471 233 4482 -
259 4452 548 4512 perurebat
577 4451 683 4516 hio
713 4452 1025 4515 perferebat
1059 4452 1149 4505 SA
1180 4469 1279 4504 om.
1311 4454 1354 4505 λ
1380 4478 1420 4488 -
1449 4468 1561 4515 qua
1588 4453 1641 4504 A
1670 4482 1703 4490 -
1736 4451 1928 4504 deusta
1956 4451 2010 4502 R
2040 4451 2108 4503 de
2139 4452 2326 4503 uineta
2356 4451 2448 4503 SA
2469 4480 2504 4488 -
2528 4467 2649 4503 raro

201 4538 553 4592 renitescebat
592 4538 698 4604 hio
722 4557 851 4592 cum
879 4557 981 4604 pro
1010 4557 1067 4592 re
1096 4541 1248 4605 (curn
1277 4556 1398 4592 rore
1425 4540 1487 4603 S)
1517 4540 1929 4592 conualescebat
1957 4539 2048 4591 SA
2076 4556 2173 4591 om.
2205 4539 2248 4590 λ
2265 4539 2346 4602 cfr
2359 4539 2648 4604 Josephson

197 4633 282 4688 pp.
330 4640 429 4678 112
472 4646 577 4695 sqq.
626 4655 664 4665 —
705 4645 804 4681 102
850 4629 1057 4682 scrobis
1101 4628 1372 4695 h’jxrpyn
1406 4656 1444 4665 -
1484 4644 1580 4692 103
1628 4640 1682 4680 et
1726 4628 1816 4681 SA
1861 4645 1923 4680 ea
1966 4629 2017 4680 R
2051 4655 2089 4664 -
2123 4645 2300 4692 porpo
2343 4627 2434 4680 SA
2467 4654 2506 4664 ·-
2547 4629 2645 4680 106
