<?xml version="1.0" encoding="UTF-8"?>
<!DOCTYPE html PUBLIC "-//W3C//DTD XHTML 1.0 Transitional//EN"
    "http://www.w3.org/TR/xhtml1/DTD/xhtml1-transitional.dtd">
<html xmlns="http://www.w3.org/1999/xhtml" xml:lang="en" lang="en">
 <head>
  <title>
</title>
<meta http-equiv="Content-Type" content="text/html;charset=utf-8" />
  <meta name='ocr-system' content='tesseract 3.04.00' />
  <meta name='ocr-capabilities' content='ocr_page ocr_carea ocr_par ocr_line ocrx_word'/>
</head>
<body>
  <div class='ocr_page' id='page_1' title='image "./operaquaeexstan00hedbgoog_0180.png"; bbox 0 0 3109 5559; ppageno 0'>
   <div class='ocr_carea' id='block_1_1' title="bbox 1482 729 1998 795">
    <p class='ocr_par' dir='ltr' id='par_1_1' title="bbox 1482 729 1998 795">
     <span class='ocr_line' id='line_1_1' title="bbox 1482 729 1998 795; baseline 0 -1"><span class='ocrx_word' id='word_1_1' title='bbox 1482 729 1998 795; x_wconf 84' lang='lat' dir='ltr'>PRAEFATIO</span> 
     </span>
    </p>
   </div>
   <div class='ocr_carea' id='block_1_2' title="bbox 491 994 2808 3211">
    <p class='ocr_par' dir='ltr' id='par_1_2' title="bbox 491 994 2808 1827">
     <span class='ocr_line' id='line_1_2' title="bbox 579 994 2808 1082; baseline 0 -23"><span class='ocrx_word' id='word_1_2' title='bbox 579 995 817 1062; x_wconf 91' lang='lat' dir='ltr'>Editio</span> <span class='ocrx_word' id='word_1_3' title='bbox 851 995 1074 1061; x_wconf 91' lang='lat' dir='ltr'>critica</span> <span class='ocrx_word' id='word_1_4' title='bbox 1104 1017 1384 1082; x_wconf 91' lang='lat' dir='ltr'>operum</span> <span class='ocrx_word' id='word_1_5' title='bbox 1418 995 1497 1060; x_wconf 91' lang='lat' dir='ltr'>L.</span> <span class='ocrx_word' id='word_1_6' title='bbox 1536 995 1690 1061; x_wconf 91' lang='lat' dir='ltr'>Iuni</span> <span class='ocrx_word' id='word_1_7' title='bbox 1723 994 2057 1061; x_wconf 87' lang='lat' dir='ltr'>Moderati</span> <span class='ocrx_word' id='word_1_8' title='bbox 2091 994 2516 1074; x_wconf 91' lang='lat' dir='ltr'>Columellae,</span> <span class='ocrx_word' id='word_1_9' title='bbox 2554 1016 2723 1082; x_wconf 94' lang='lat' dir='ltr'>quae</span> <span class='ocrx_word' id='word_1_10' title='bbox 2758 994 2808 1059; x_wconf 85' lang='grc' dir='ltr'><em>Ε</em></span> 
     </span>
     <span class='ocr_line' id='line_1_3' title="bbox 493 1100 2808 1190; baseline 0.001 -24"><span class='ocrx_word' id='word_1_11' title='bbox 493 1102 753 1168; x_wconf 90' lang='lat' dir='ltr'>rustica</span> <span class='ocrx_word' id='word_1_12' title='bbox 807 1114 874 1168; x_wconf 92' lang='lat' dir='ltr'>et</span> <span class='ocrx_word' id='word_1_13' title='bbox 927 1103 1034 1167; x_wconf 95' lang='lat' dir='ltr'>De</span> <span class='ocrx_word' id='word_1_14' title='bbox 1088 1101 1434 1168; x_wconf 85' lang='lat' dir='ltr'>arboribus</span> <span class='ocrx_word' id='word_1_15' title='bbox 1486 1101 1957 1181; x_wconf 89' lang='lat' dir='ltr'>inscribuntur,</span> <span class='ocrx_word' id='word_1_16' title='bbox 2014 1100 2255 1166; x_wconf 88' lang='lat' dir='ltr'>abhinc</span> <span class='ocrx_word' id='word_1_17' title='bbox 2308 1122 2516 1167; x_wconf 92' lang='lat' dir='ltr'>annos</span> <span class='ocrx_word' id='word_1_18' title='bbox 2569 1103 2719 1189; x_wconf 91' lang='lat' dir='ltr'>plus</span> <span class='ocrx_word' id='word_1_19' title='bbox 2765 1126 2808 1190; x_wconf 94' lang='lat' dir='ltr'>q</span> 
     </span>
     <span class='ocr_line' id='line_1_4' title="bbox 492 1208 2808 1296; baseline 0.001 -23"><span class='ocrx_word' id='word_1_20' title='bbox 492 1208 924 1295; x_wconf 79' lang='lat' dir='ltr'>septuaginta</span> <span class='ocrx_word' id='word_1_21' title='bbox 956 1208 1026 1274; x_wconf 91' lang='lat' dir='ltr'>in</span> <span class='ocrx_word' id='word_1_22' title='bbox 1060 1208 1464 1274; x_wconf 92' lang='lat' dir='ltr'>Collectione</span> <span class='ocrx_word' id='word_1_23' title='bbox 1497 1208 1895 1294; x_wconf 90' lang='lat' dir='ltr'>scriptorum</span> <span class='ocrx_word' id='word_1_24' title='bbox 1927 1220 2230 1274; x_wconf 90' lang='lat' dir='ltr'>ueterum</span> <span class='ocrx_word' id='word_1_25' title='bbox 2264 1208 2640 1295; x_wconf 90' lang='lat' dir='ltr'>Upsaliensi</span> <span class='ocrx_word' id='word_1_26' title='bbox 2673 1209 2808 1296; x_wconf 87' lang='lat' dir='ltr'>imp</span> 
     </span>
     <span class='ocr_line' id='line_1_5' title="bbox 491 1314 2807 1402; baseline 0.001 -22"><span class='ocrx_word' id='word_1_27' title='bbox 491 1330 742 1402; x_wconf 90' lang='lat' dir='ltr'>coepta</span> <span class='ocrx_word' id='word_1_28' title='bbox 782 1318 928 1382; x_wconf 73' lang='lat' dir='ltr'>estl.</span> <span class='ocrx_word' id='word_1_29' title='bbox 973 1314 1194 1391; x_wconf 90' lang='lat' dir='ltr'>Quam</span> <span class='ocrx_word' id='word_1_30' title='bbox 1232 1315 1593 1381; x_wconf 87' lang='lat' dir='ltr'>editionem</span> <span class='ocrx_word' id='word_1_31' title='bbox 1633 1314 1817 1380; x_wconf 92' lang='lat' dir='ltr'>libris</span> <span class='ocrx_word' id='word_1_32' title='bbox 1855 1315 2069 1394; x_wconf 89' lang='lat' dir='ltr'>tertio,</span> <span class='ocrx_word' id='word_1_33' title='bbox 2114 1328 2369 1401; x_wconf 89' lang='lat' dir='ltr'>quarto,</span> <span class='ocrx_word' id='word_1_34' title='bbox 2413 1315 2668 1401; x_wconf 90' lang='lat' dir='ltr'>quinto,</span> <span class='ocrx_word' id='word_1_35' title='bbox 2713 1316 2807 1382; x_wconf 96' lang='lat' dir='ltr'>du</span> 
     </span>
     <span class='ocr_line' id='line_1_6' title="bbox 495 1420 2805 1508; baseline 0 -20"><span class='ocrx_word' id='word_1_36' title='bbox 495 1421 678 1488; x_wconf 88' lang='lat' dir='ltr'>cimo</span> <span class='ocrx_word' id='word_1_37' title='bbox 720 1422 998 1488; x_wconf 82' lang='lat' dir='ltr'>edendis</span> <span class='ocrx_word' id='word_1_38' title='bbox 1037 1421 1168 1487; x_wconf 92' lang='lat' dir='ltr'>iam</span> <span class='ocrx_word' id='word_1_39' title='bbox 1207 1420 1577 1508; x_wconf 87' lang='lat' dir='ltr'>perficienti</span> <span class='ocrx_word' id='word_1_40' title='bbox 1617 1420 1781 1487; x_wconf 91' lang='lat' dir='ltr'>mihi</span> <span class='ocrx_word' id='word_1_41' title='bbox 1821 1421 2047 1508; x_wconf 87' lang='lat' dir='ltr'>paucis</span> <span class='ocrx_word' id='word_1_42' title='bbox 2086 1421 2307 1487; x_wconf 88' lang='lat' dir='ltr'>uerbis</span> <span class='ocrx_word' id='word_1_43' title='bbox 2348 1421 2805 1488; x_wconf 86' lang='lat' dir='ltr'>disserendum</span> 
     </span>
     <span class='ocr_line' id='line_1_7' title="bbox 497 1528 2808 1614; baseline 0 -21"><span class='ocrx_word' id='word_1_44' title='bbox 497 1549 711 1613; x_wconf 90' lang='lat' dir='ltr'>quam</span> <span class='ocrx_word' id='word_1_45' title='bbox 771 1528 1092 1594; x_wconf 90' lang='lat' dir='ltr'>rationem</span> <span class='ocrx_word' id='word_1_46' title='bbox 1148 1540 1412 1593; x_wconf 88' lang='lat' dir='ltr'>secutus</span> <span class='ocrx_word' id='word_1_47' title='bbox 1467 1540 1725 1593; x_wconf 82' lang='lat' dir='ltr'>textum</span> <span class='ocrx_word' id='word_1_48' title='bbox 1780 1540 1847 1594; x_wconf 92' lang='lat' dir='ltr'>et</span> <span class='ocrx_word' id='word_1_49' title='bbox 1903 1540 2289 1614; x_wconf 90' lang='lat' dir='ltr'>apparatum</span> <span class='ocrx_word' id='word_1_50' title='bbox 2346 1528 2808 1614; x_wconf 88' lang='lat' dir='ltr'>composuerin</span> 
     </span>
     <span class='ocr_line' id='line_1_8' title="bbox 497 1633 2808 1719; baseline 0.001 -20"><span class='ocrx_word' id='word_1_51' title='bbox 497 1635 893 1719; x_wconf 88' lang='lat' dir='ltr'>praesertim</span> <span class='ocrx_word' id='word_1_52' title='bbox 950 1657 1113 1700; x_wconf 90' lang='lat' dir='ltr'>num</span> <span class='ocrx_word' id='word_1_53' title='bbox 1165 1634 1237 1699; x_wconf 92' lang='lat' dir='ltr'>in</span> <span class='ocrx_word' id='word_1_54' title='bbox 1287 1634 1486 1700; x_wconf 86' lang='lat' dir='ltr'>uariis</span> <span class='ocrx_word' id='word_1_55' title='bbox 1528 1633 1922 1700; x_wconf 86' lang='lat' dir='ltr'>lectionibus</span> <span class='ocrx_word' id='word_1_56' title='bbox 1964 1633 2272 1700; x_wconf 89' lang='lat' dir='ltr'>codicum</span> <span class='ocrx_word' id='word_1_57' title='bbox 2314 1635 2754 1701; x_wconf 89' lang='lat' dir='ltr'>recentiorum</span> <span class='ocrx_word' id='word_1_58' title='bbox 2796 1658 2808 1700; x_wconf 86' lang='lat'>1</span> 
     </span>
     <span class='ocr_line' id='line_1_9' title="bbox 499 1739 2783 1827; baseline 0.002 -24"><span class='ocrx_word' id='word_1_59' title='bbox 499 1742 731 1807; x_wconf 89' lang='lat' dir='ltr'>rendis</span> <span class='ocrx_word' id='word_1_60' title='bbox 766 1741 959 1807; x_wconf 90' lang='lat' dir='ltr'>aliam</span> <span class='ocrx_word' id='word_1_61' title='bbox 990 1740 1312 1807; x_wconf 90' lang='lat' dir='ltr'>rationem</span> <span class='ocrx_word' id='word_1_62' title='bbox 1344 1754 1541 1826; x_wconf 93' lang='lat' dir='ltr'>atque</span> <span class='ocrx_word' id='word_1_63' title='bbox 1578 1740 1987 1806; x_wconf 73' lang='lat' dir='ltr'>Lundstrom</span> <span class='ocrx_word' id='word_1_64' title='bbox 2019 1754 2085 1806; x_wconf 95' lang='lat' dir='ltr'>et</span> <span class='ocrx_word' id='word_1_65' title='bbox 2115 1739 2487 1827; x_wconf 89' lang='lat' dir='ltr'>Josephson</span> <span class='ocrx_word' id='word_1_66' title='bbox 2518 1754 2783 1807; x_wconf 89' lang='lat' dir='ltr'>secutus</span> 
     </span>
    </p>

    <p class='ocr_par' dir='ltr' id='par_1_3' title="bbox 501 1846 2808 3211">
     <span class='ocr_line' id='line_1_10' title="bbox 588 1846 2808 1926; baseline 0 -13"><span class='ocrx_word' id='word_1_67' title='bbox 588 1846 955 1922; x_wconf 93' lang='lat' dir='ltr'>Quomodo</span> <span class='ocrx_word' id='word_1_68' title='bbox 985 1847 1245 1913; x_wconf 90' lang='lat' dir='ltr'>codices</span> <span class='ocrx_word' id='word_1_69' title='bbox 1275 1867 1440 1912; x_wconf 91' lang='lat' dir='ltr'>saec.</span> <span class='ocrx_word' id='word_1_70' title='bbox 1479 1847 1581 1912; x_wconf 91' lang='lat' dir='ltr'>IX</span> <span class='ocrx_word' id='word_1_71' title='bbox 1611 1847 1871 1926; x_wconf 87' lang='lat' dir='ltr'>exarati,</span> <span class='ocrx_word' id='word_1_72' title='bbox 1909 1846 1955 1912; x_wconf 91' lang='lat' dir='ltr'>S</span> <span class='ocrx_word' id='word_1_73' title='bbox 1987 1860 2053 1912; x_wconf 95' lang='lat' dir='ltr'>et</span> <span class='ocrx_word' id='word_1_74' title='bbox 2082 1848 2164 1926; x_wconf 91' lang='lat' dir='ltr'>A,</span> <span class='ocrx_word' id='word_1_75' title='bbox 2199 1847 2369 1913; x_wconf 89' lang='lat' dir='ltr'>inter</span> <span class='ocrx_word' id='word_1_76' title='bbox 2398 1869 2468 1912; x_wconf 92' lang='lat' dir='ltr'>se</span> <span class='ocrx_word' id='word_1_77' title='bbox 2499 1859 2565 1913; x_wconf 92' lang='lat' dir='ltr'>et</span> <span class='ocrx_word' id='word_1_78' title='bbox 2596 1869 2750 1913; x_wconf 89' lang='lat' dir='ltr'>cum</span> <span class='ocrx_word' id='word_1_79' title='bbox 2782 1869 2808 1913; x_wconf 88' lang='lat' dir='ltr'>c</span> 
     </span>
     <span class='ocr_line' id='line_1_11' title="bbox 503 1952 2808 2040; baseline 0.001 -23"><span class='ocrx_word' id='word_1_80' title='bbox 503 1953 699 2020; x_wconf 90' lang='lat' dir='ltr'>cibus</span> <span class='ocrx_word' id='word_1_81' title='bbox 748 1953 1221 2019; x_wconf 86' lang='lat' dir='ltr'>recentioribus</span> <span class='ocrx_word' id='word_1_82' title='bbox 1267 1953 1527 2039; x_wconf 88' lang='lat' dir='ltr'>cognati</span> <span class='ocrx_word' id='word_1_83' title='bbox 1575 1953 1727 2032; x_wconf 89' lang='lat' dir='ltr'>sint,</span> <span class='ocrx_word' id='word_1_84' title='bbox 1777 1953 2025 2039; x_wconf 91' lang='lat' dir='ltr'>optime</span> <span class='ocrx_word' id='word_1_85' title='bbox 2075 1952 2550 2019; x_wconf 90' lang='lat' dir='ltr'>demonstrauit</span> <span class='ocrx_word' id='word_1_86' title='bbox 2594 1953 2808 2040; x_wconf 91' lang='lat' dir='ltr'>Josep]</span> 
     </span>
     <span class='ocr_line' id='line_1_12' title="bbox 501 2057 2808 2147; baseline 0.001 -24"><span class='ocrx_word' id='word_1_87' title='bbox 501 2057 573 2125; x_wconf 91' lang='lat' dir='ltr'>in</span> <span class='ocrx_word' id='word_1_88' title='bbox 615 2061 790 2127; x_wconf 91' lang='lat' dir='ltr'>libro</span> <span class='ocrx_word' id='word_1_89' title='bbox 833 2060 950 2147; x_wconf 88' lang='lat' dir='ltr'>qui</span> <span class='ocrx_word' id='word_1_90' title='bbox 986 2060 1146 2126; x_wconf 81' lang='lat' dir='ltr'>»Die</span> <span class='ocrx_word' id='word_1_91' title='bbox 1178 2058 2160 2126; x_wconf 73' lang='lat' dir='ltr'>Columella-Handschriften»²</span> <span class='ocrx_word' id='word_1_92' title='bbox 2191 2059 2589 2125; x_wconf 89' lang='lat' dir='ltr'>inscribitur:</span> <span class='ocrx_word' id='word_1_93' title='bbox 2623 2060 2808 2126; x_wconf 90' lang='lat' dir='ltr'>codic</span> 
     </span>
     <span class='ocr_line' id='line_1_13' title="bbox 501 2165 2808 2253; baseline 0.001 -23"><span class='ocrx_word' id='word_1_94' title='bbox 501 2179 568 2231; x_wconf 92' lang='lat' dir='ltr'>et</span> <span class='ocrx_word' id='word_1_95' title='bbox 599 2169 665 2233; x_wconf 89' lang='lat' dir='ltr'>A</span> <span class='ocrx_word' id='word_1_96' title='bbox 694 2189 777 2232; x_wconf 87' lang='lat' dir='ltr'>ex</span> <span class='ocrx_word' id='word_1_97' title='bbox 806 2166 1042 2232; x_wconf 93' lang='lat' dir='ltr'>eodem</span> <span class='ocrx_word' id='word_1_98' title='bbox 1072 2166 1298 2232; x_wconf 91' lang='lat' dir='ltr'>codice</span> <span class='ocrx_word' id='word_1_99' title='bbox 1331 2166 1694 2253; x_wconf 92' lang='lat' dir='ltr'>descriptos</span> <span class='ocrx_word' id='word_1_100' title='bbox 1725 2187 1887 2245; x_wconf 88' lang='lat' dir='ltr'>esse;</span> <span class='ocrx_word' id='word_1_101' title='bbox 1919 2165 2216 2232; x_wconf 92' lang='lat' dir='ltr'>codicem</span> <span class='ocrx_word' id='word_1_102' title='bbox 2245 2167 2307 2231; x_wconf 91' lang='lat' dir='ltr'>A</span> <span class='ocrx_word' id='word_1_103' title='bbox 2338 2180 2403 2232; x_wconf 94' lang='lat' dir='ltr'>et</span> <span class='ocrx_word' id='word_1_104' title='bbox 2434 2165 2635 2232; x_wconf 90' lang='lat' dir='ltr'>alium</span> <span class='ocrx_word' id='word_1_105' title='bbox 2666 2166 2808 2232; x_wconf 91' lang='lat' dir='ltr'>codi</span> 
     </span>
     <span class='ocr_line' id='line_1_14' title="bbox 501 2271 2798 2352; baseline 0.001 -16"><span class='ocrx_word' id='word_1_106' title='bbox 501 2293 583 2337; x_wconf 87' lang='lat' dir='ltr'>ex</span> <span class='ocrx_word' id='word_1_107' title='bbox 633 2274 763 2339; x_wconf 87' lang='lat' dir='ltr'>alio</span> <span class='ocrx_word' id='word_1_108' title='bbox 811 2273 994 2339; x_wconf 89' lang='lat' dir='ltr'>fonte</span> <span class='ocrx_word' id='word_1_109' title='bbox 1045 2273 1417 2339; x_wconf 91' lang='lat' dir='ltr'>deriuatum</span> <span class='ocrx_word' id='word_1_110' title='bbox 1465 2272 1683 2338; x_wconf 89' lang='lat' dir='ltr'>fontes</span> <span class='ocrx_word' id='word_1_111' title='bbox 1732 2271 1933 2338; x_wconf 90' lang='lat' dir='ltr'>fuisse</span> <span class='ocrx_word' id='word_1_112' title='bbox 1982 2272 2289 2338; x_wconf 88' lang='lat' dir='ltr'>codicum</span> <span class='ocrx_word' id='word_1_113' title='bbox 2337 2273 2798 2352; x_wconf 90' lang='lat' dir='ltr'>recentiorum;</span> 
     </span>
     <span class='ocr_line' id='line_1_15' title="bbox 504 2379 2771 2466; baseline 0.001 -23"><span class='ocrx_word' id='word_1_114' title='bbox 504 2379 1149 2466; x_wconf 81' lang='lat' dir='ltr'>undequadraginta³</span> <span class='ocrx_word' id='word_1_115' title='bbox 1189 2401 1467 2445; x_wconf 91' lang='lat' dir='ltr'>numero</span> <span class='ocrx_word' id='word_1_116' title='bbox 1507 2401 1649 2444; x_wconf 88' lang='lat' dir='ltr'>esse</span> <span class='ocrx_word' id='word_1_117' title='bbox 1690 2401 2052 2465; x_wconf 89' lang='lat' dir='ltr'>omnesque</span> <span class='ocrx_word' id='word_1_118' title='bbox 2094 2379 2164 2445; x_wconf 91' lang='lat' dir='ltr'>in</span> <span class='ocrx_word' id='word_1_119' title='bbox 2208 2379 2395 2445; x_wconf 90' lang='lat' dir='ltr'>Italia</span> <span class='ocrx_word' id='word_1_120' title='bbox 2433 2400 2599 2446; x_wconf 92' lang='lat' dir='ltr'>saec.</span> <span class='ocrx_word' id='word_1_121' title='bbox 2644 2380 2771 2445; x_wconf 93' lang='lat' dir='ltr'>XV</span> 
     </span>
     <span class='ocr_line' id='line_1_16' title="bbox 506 2485 2808 2572; baseline 0 -21"><span class='ocrx_word' id='word_1_122' title='bbox 506 2499 682 2553; x_wconf 90' lang='lat' dir='ltr'>ratos</span> <span class='ocrx_word' id='word_1_123' title='bbox 731 2508 892 2552; x_wconf 87' lang='lat' dir='ltr'>esse.</span> <span class='ocrx_word' id='word_1_124' title='bbox 946 2485 1303 2561; x_wconf 92' lang='lat' dir='ltr'>Quomodo</span> <span class='ocrx_word' id='word_1_125' title='bbox 1351 2500 1574 2552; x_wconf 93' lang='lat' dir='ltr'>autem</span> <span class='ocrx_word' id='word_1_126' title='bbox 1622 2485 1882 2551; x_wconf 88' lang='lat' dir='ltr'>codices</span> <span class='ocrx_word' id='word_1_127' title='bbox 1931 2486 2321 2552; x_wconf 85' lang='lat' dir='ltr'>recentiores</span> <span class='ocrx_word' id='word_1_128' title='bbox 2369 2486 2538 2552; x_wconf 91' lang='lat' dir='ltr'>inter</span> <span class='ocrx_word' id='word_1_129' title='bbox 2585 2508 2654 2552; x_wconf 93' lang='lat' dir='ltr'>se</span> <span class='ocrx_word' id='word_1_130' title='bbox 2704 2507 2808 2572; x_wconf 69' lang='lat' dir='ltr'>cog</span> 
     </span>
     <span class='ocr_line' id='line_1_17' title="bbox 505 2591 2808 2679; baseline 0.001 -23"><span class='ocrx_word' id='word_1_131' title='bbox 505 2592 657 2674; x_wconf 89' lang='lat' dir='ltr'>sint,</span> <span class='ocrx_word' id='word_1_132' title='bbox 703 2591 1076 2679; x_wconf 91' lang='lat' dir='ltr'>Josephson</span> <span class='ocrx_word' id='word_1_133' title='bbox 1120 2591 1470 2679; x_wconf 90' lang='lat' dir='ltr'>praeteriit,</span> <span class='ocrx_word' id='word_1_134' title='bbox 1517 2591 1939 2658; x_wconf 90' lang='lat' dir='ltr'>solummodo</span> <span class='ocrx_word' id='word_1_135' title='bbox 1984 2606 2356 2658; x_wconf 91' lang='lat' dir='ltr'>monstrans</span> <span class='ocrx_word' id='word_1_136' title='bbox 2399 2614 2512 2658; x_wconf 93' lang='lat' dir='ltr'>eos</span> <span class='ocrx_word' id='word_1_137' title='bbox 2555 2593 2624 2658; x_wconf 92' lang='lat' dir='ltr'>in</span> <span class='ocrx_word' id='word_1_138' title='bbox 2669 2607 2808 2659; x_wconf 94' lang='lat' dir='ltr'>cate</span> 
     </span>
     <span class='ocr_line' id='line_1_18' title="bbox 509 2697 2808 2786; baseline -0 -21"><span class='ocrx_word' id='word_1_139' title='bbox 509 2699 832 2784; x_wconf 91' lang='lat' dir='ltr'>quasdam</span> <span class='ocrx_word' id='word_1_140' title='bbox 859 2698 1070 2765; x_wconf 91' lang='lat' dir='ltr'>diuidi</span> <span class='ocrx_word' id='word_1_141' title='bbox 1096 2720 1308 2785; x_wconf 88' lang='lat' dir='ltr'>posse,</span> <span class='ocrx_word' id='word_1_142' title='bbox 1338 2720 1374 2764; x_wconf 99' lang='lat' dir='ltr'>e</span> <span class='ocrx_word' id='word_1_143' title='bbox 1402 2697 1648 2785; x_wconf 90' lang='lat' dir='ltr'>quibus</span> <span class='ocrx_word' id='word_1_144' title='bbox 1673 2698 1876 2783; x_wconf 79' lang='grc' dir='ltr'>αφψω</span> <span class='ocrx_word' id='word_1_145' title='bbox 1905 2698 2035 2785; x_wconf 92' lang='lat' dir='ltr'>(i.e.</span> <span class='ocrx_word' id='word_1_146' title='bbox 2066 2698 2325 2764; x_wconf 92' lang='lat' dir='ltr'>codices</span> <span class='ocrx_word' id='word_1_147' title='bbox 2351 2698 2496 2777; x_wconf 91' lang='lat' dir='ltr'>ahk,</span> <span class='ocrx_word' id='word_1_148' title='bbox 2526 2699 2808 2786; x_wconf 73' lang='lat' dir='ltr'>e(d)⁴wa‚</span> 
     </span>
     <span class='ocr_line' id='line_1_19' title="bbox 507 2803 2792 2892; baseline 0 -22"><span class='ocrx_word' id='word_1_149' title='bbox 507 2806 722 2892; x_wconf 74' lang='lat' dir='ltr'>moso)</span> <span class='ocrx_word' id='word_1_150' title='bbox 758 2804 841 2870; x_wconf 99' lang='lat' dir='ltr'>ab</span> <span class='ocrx_word' id='word_1_151' title='bbox 872 2806 934 2870; x_wconf 97' lang='lat' dir='ltr'>A</span> <span class='ocrx_word' id='word_1_152' title='bbox 967 2805 1190 2884; x_wconf 78' lang='lat' dir='ltr'>artiuS,</span> <span class='ocrx_word' id='word_1_153' title='bbox 1225 2830 1311 2889; x_wconf 87' lang='grc' dir='ltr'>κγ</span> <span class='ocrx_word' id='word_1_154' title='bbox 1345 2804 1476 2891; x_wconf 93' lang='lat' dir='ltr'>(i.e.</span> <span class='ocrx_word' id='word_1_155' title='bbox 1514 2803 1775 2870; x_wconf 91' lang='lat' dir='ltr'>codices</span> <span class='ocrx_word' id='word_1_156' title='bbox 1799 2804 2115 2891; x_wconf 83' lang='lat' dir='ltr'>juc(d)⁵q,</span> <span class='ocrx_word' id='word_1_157' title='bbox 2151 2805 2618 2890; x_wconf 72' lang='lat' dir='ltr'>xgvoeobm‘ita)</span> <span class='ocrx_word' id='word_1_158' title='bbox 2652 2818 2717 2870; x_wconf 95' lang='lat' dir='ltr'>et</span> <span class='ocrx_word' id='word_1_159' title='bbox 2751 2830 2792 2870; x_wconf 86' lang='lat'>0·</span> 
     </span>
     <span class='ocr_line' id='line_1_20' title="bbox 508 2910 2808 2998; baseline 0 -21"><span class='ocrx_word' id='word_1_160' title='bbox 508 2912 768 2978; x_wconf 89' lang='lat' dir='ltr'>codices</span> <span class='ocrx_word' id='word_1_161' title='bbox 798 2910 1226 2998; x_wconf 71' lang='lat' dir='ltr'>bflpn‘iycoae,</span> <span class='ocrx_word' id='word_1_162' title='bbox 1262 2911 1379 2998; x_wconf 89' lang='lat' dir='ltr'>qui</span> <span class='ocrx_word' id='word_1_163' title='bbox 1409 2911 1608 2976; x_wconf 89' lang='lat' dir='ltr'>nullis</span> <span class='ocrx_word' id='word_1_164' title='bbox 1640 2911 1833 2977; x_wconf 91' lang='lat' dir='ltr'>certis</span> <span class='ocrx_word' id='word_1_165' title='bbox 1863 2910 2099 2976; x_wconf 90' lang='lat' dir='ltr'>uinclis</span> <span class='ocrx_word' id='word_1_166' title='bbox 2130 2910 2471 2976; x_wconf 87' lang='lat' dir='ltr'>affinitatis</span> <span class='ocrx_word' id='word_1_167' title='bbox 2502 2911 2672 2977; x_wconf 91' lang='lat' dir='ltr'>inter</span> <span class='ocrx_word' id='word_1_168' title='bbox 2702 2934 2771 2977; x_wconf 91' lang='lat' dir='ltr'>se</span> <span class='ocrx_word' id='word_1_169' title='bbox 2803 2942 2808 2969; x_wconf 75' lang='grc' dir='ltr'>ι</span> 
     </span>
     <span class='ocr_line' id='line_1_21' title="bbox 509 3016 2808 3104; baseline 0.001 -23"><span class='ocrx_word' id='word_1_170' title='bbox 509 3016 714 3084; x_wconf 89' lang='lat' dir='ltr'>iuncti</span> <span class='ocrx_word' id='word_1_171' title='bbox 780 3017 912 3083; x_wconf 91' lang='lat' dir='ltr'>sint</span> <span class='ocrx_word' id='word_1_172' title='bbox 977 3017 1094 3083; x_wconf 91' lang='lat' dir='ltr'>sed</span> <span class='ocrx_word' id='word_1_173' title='bbox 1153 3032 1377 3084; x_wconf 91' lang='lat' dir='ltr'>tamen</span> <span class='ocrx_word' id='word_1_174' title='bbox 1437 3040 1571 3083; x_wconf 89' lang='lat' dir='ltr'>una</span> <span class='ocrx_word' id='word_1_175' title='bbox 1622 3018 1986 3104; x_wconf 93' lang='lat' dir='ltr'>eademque</span> <span class='ocrx_word' id='word_1_176' title='bbox 2039 3017 2252 3084; x_wconf 91' lang='lat' dir='ltr'>littera</span> <span class='ocrx_word' id='word_1_177' title='bbox 2302 3017 2627 3103; x_wconf 89' lang='lat' dir='ltr'>designari</span> <span class='ocrx_word' id='word_1_178' title='bbox 2678 3039 2808 3104; x_wconf 73' lang='lat' dir='ltr'>pos·</span> 
     </span>
     <span class='ocr_line' id='line_1_22' title="bbox 507 3123 1087 3211; baseline 0 -21"><span class='ocrx_word' id='word_1_179' title='bbox 507 3123 713 3190; x_wconf 84' lang='lat' dir='ltr'>laxius</span> <span class='ocrx_word' id='word_1_180' title='bbox 737 3123 1087 3211; x_wconf 90' lang='lat' dir='ltr'>pendeant.</span> 
     </span>
    </p>
   </div>
   <div class='ocr_carea' id='block_1_3' title="bbox 509 3251 934 3261">
    <p class='ocr_par' dir='ltr' id='par_1_4' title="bbox 509 3251 934 3261">
     <span class='ocr_line' id='line_1_23' title="bbox 509 3251 934 3261; baseline 0 2298"><span class='ocrx_word' id='word_1_181' title='bbox 509 3251 934 3261; x_wconf 95' lang='lat' dir='ltr'> </span> 
     </span>
    </p>
   </div>
   <div class='ocr_carea' id='block_1_4' title="bbox 512 3317 2808 4452">
    <p class='ocr_par' dir='ltr' id='par_1_5' title="bbox 516 3317 2808 3826">
     <span class='ocr_line' id='line_1_24' title="bbox 587 3317 2808 3383; baseline 0 -13"><span class='ocrx_word' id='word_1_182' title='bbox 587 3319 606 3350; x_wconf 87' lang='lat'><strong>¹</strong></span> <span class='ocrx_word' id='word_1_183' title='bbox 649 3320 773 3371; x_wconf 81' lang='lat' dir='ltr'>Iam</span> <span class='ocrx_word' id='word_1_184' title='bbox 794 3329 1179 3383; x_wconf 81' lang='lat' dir='ltr'>apparuerunt:</span> <span class='ocrx_word' id='word_1_185' title='bbox 1209 3317 1358 3370; x_wconf 82' lang='lat' dir='ltr'>Fasc.</span> <span class='ocrx_word' id='word_1_186' title='bbox 1390 3318 1433 3381; x_wconf 87' lang='lat'>1,</span> <span class='ocrx_word' id='word_1_187' title='bbox 1450 3318 1653 3370; x_wconf 89' lang='lat' dir='ltr'>librum</span> <span class='ocrx_word' id='word_1_188' title='bbox 1669 3319 1738 3369; x_wconf 93' lang='lat' dir='ltr'>de</span> <span class='ocrx_word' id='word_1_189' title='bbox 1753 3318 2036 3370; x_wconf 83' lang='lat' dir='ltr'>arboribus</span> <span class='ocrx_word' id='word_1_190' title='bbox 2051 3318 2352 3370; x_wconf 85' lang='lat' dir='ltr'>continens.</span> <span class='ocrx_word' id='word_1_191' title='bbox 2371 3317 2498 3369; x_wconf 88' lang='lat' dir='ltr'>Rec.</span> <span class='ocrx_word' id='word_1_192' title='bbox 2515 3317 2582 3370; x_wconf 90' lang='lat' dir='ltr'>V.</span> <span class='ocrx_word' id='word_1_193' title='bbox 2601 3318 2808 3370; x_wconf 72' lang='lat' dir='ltr'>Lundst</span> 
     </span>
     <span class='ocr_line' id='line_1_25' title="bbox 526 3405 2807 3473; baseline -0 -13"><span class='ocrx_word' id='word_1_194' title='bbox 526 3409 677 3473; x_wconf 88' lang='lat'>1897.</span> <span class='ocrx_word' id='word_1_195' title='bbox 709 3408 863 3460; x_wconf 83' lang='lat' dir='ltr'>Fasc.</span> <span class='ocrx_word' id='word_1_196' title='bbox 897 3407 972 3471; x_wconf 91' lang='lat'>11,</span> <span class='ocrx_word' id='word_1_197' title='bbox 1001 3408 1169 3460; x_wconf 81' lang='lat' dir='ltr'>libros</span> <span class='ocrx_word' id='word_1_198' title='bbox 1197 3408 1266 3459; x_wconf 89' lang='lat' dir='ltr'>de</span> <span class='ocrx_word' id='word_1_199' title='bbox 1292 3424 1350 3459; x_wconf 89' lang='lat' dir='ltr'>re</span> <span class='ocrx_word' id='word_1_200' title='bbox 1377 3407 1577 3459; x_wconf 80' lang='lat' dir='ltr'>rustica</span> <span class='ocrx_word' id='word_1_201' title='bbox 1607 3407 1630 3458; x_wconf 97' lang='lat' dir='ltr'><strong>I</strong></span> <span class='ocrx_word' id='word_1_202' title='bbox 1660 3418 1714 3458; x_wconf 91' lang='lat' dir='ltr'>et</span> <span class='ocrx_word' id='word_1_203' title='bbox 1744 3407 1798 3458; x_wconf 93' lang='lat'>11</span> <span class='ocrx_word' id='word_1_204' title='bbox 1828 3408 2129 3459; x_wconf 84' lang='lat' dir='ltr'>continens.</span> <span class='ocrx_word' id='word_1_205' title='bbox 2161 3407 2288 3458; x_wconf 87' lang='lat' dir='ltr'>Rec.</span> <span class='ocrx_word' id='word_1_206' title='bbox 2317 3405 2384 3457; x_wconf 89' lang='lat' dir='ltr'>V.</span> <span class='ocrx_word' id='word_1_207' title='bbox 2415 3407 2770 3459; x_wconf 72' lang='lat' dir='ltr'>Lundstr-om.</span> <span class='ocrx_word' id='word_1_208' title='bbox 2806 3426 2807 3430; x_wconf 49' lang='lat'>¹</span> 
     </span>
     <span class='ocr_line' id='line_1_26' title="bbox 521 3495 2807 3561; baseline -0.001 -13"><span class='ocrx_word' id='word_1_209' title='bbox 521 3497 671 3550; x_wconf 80' lang='lat' dir='ltr'>Fasc.</span> <span class='ocrx_word' id='word_1_210' title='bbox 712 3496 810 3561; x_wconf 88' lang='lat' dir='ltr'>lv,</span> <span class='ocrx_word' id='word_1_211' title='bbox 844 3496 1011 3549; x_wconf 86' lang='lat' dir='ltr'>libros</span> <span class='ocrx_word' id='word_1_212' title='bbox 1043 3496 1113 3548; x_wconf 92' lang='lat' dir='ltr'>de</span> <span class='ocrx_word' id='word_1_213' title='bbox 1145 3513 1202 3548; x_wconf 89' lang='lat' dir='ltr'>re</span> <span class='ocrx_word' id='word_1_214' title='bbox 1233 3496 1433 3548; x_wconf 83' lang='lat' dir='ltr'>rustica</span> <span class='ocrx_word' id='word_1_215' title='bbox 1465 3496 1543 3547; x_wconf 93' lang='lat' dir='ltr'>VI</span> <span class='ocrx_word' id='word_1_216' title='bbox 1578 3507 1631 3548; x_wconf 88' lang='lat' dir='ltr'>et</span> <span class='ocrx_word' id='word_1_217' title='bbox 1662 3495 1773 3547; x_wconf 97' lang='lat' dir='ltr'>VII</span> <span class='ocrx_word' id='word_1_218' title='bbox 1807 3496 2108 3548; x_wconf 85' lang='lat' dir='ltr'>continens.</span> <span class='ocrx_word' id='word_1_219' title='bbox 2145 3496 2272 3547; x_wconf 90' lang='lat' dir='ltr'>Rec.</span> <span class='ocrx_word' id='word_1_220' title='bbox 2306 3495 2374 3547; x_wconf 90' lang='lat' dir='ltr'>V.</span> <span class='ocrx_word' id='word_1_221' title='bbox 2410 3496 2765 3548; x_wconf 76' lang='lat' dir='ltr'>Lundstrom.</span> <span class='ocrx_word' id='word_1_222' title='bbox 2805 3514 2807 3545; x_wconf 77' lang='lat'>1</span> 
     </span>
     <span class='ocr_line' id='line_1_27' title="bbox 521 3577 2808 3649; baseline -0.001 -10"><span class='ocrx_word' id='word_1_223' title='bbox 521 3586 671 3639; x_wconf 77' lang='lat' dir='ltr'>Fasc.</span> <span class='ocrx_word' id='word_1_224' title='bbox 709 3586 778 3649; x_wconf 89' lang='lat' dir='ltr'>V,</span> <span class='ocrx_word' id='word_1_225' title='bbox 815 3586 984 3638; x_wconf 77' lang='lat' dir='ltr'>libros</span> <span class='ocrx_word' id='word_1_226' title='bbox 1018 3585 1088 3637; x_wconf 92' lang='lat' dir='ltr'>de</span> <span class='ocrx_word' id='word_1_227' title='bbox 1122 3602 1180 3637; x_wconf 88' lang='lat' dir='ltr'>re</span> <span class='ocrx_word' id='word_1_228' title='bbox 1213 3585 1413 3637; x_wconf 82' lang='lat' dir='ltr'>rustica</span> <span class='ocrx_word' id='word_1_229' title='bbox 1447 3585 1588 3636; x_wconf 89' lang='lat' dir='ltr'><strong>VIII</strong></span> <span class='ocrx_word' id='word_1_230' title='bbox 1626 3596 1679 3637; x_wconf 93' lang='lat' dir='ltr'>et</span> <span class='ocrx_word' id='word_1_231' title='bbox 1717 3585 1799 3637; x_wconf 91' lang='lat' dir='ltr'>IX</span> <span class='ocrx_word' id='word_1_232' title='bbox 1831 3585 2132 3637; x_wconf 87' lang='lat' dir='ltr'>continens.</span> <span class='ocrx_word' id='word_1_233' title='bbox 2171 3585 2300 3636; x_wconf 90' lang='lat' dir='ltr'>Rec.</span> <span class='ocrx_word' id='word_1_234' title='bbox 2335 3577 2403 3636; x_wconf 83' lang='lat' dir='ltr'>A.</span> <span class='ocrx_word' id='word_1_235' title='bbox 2438 3585 2760 3649; x_wconf 82' lang='lat' dir='ltr'>Josephson.</span> <span class='ocrx_word' id='word_1_236' title='bbox 2804 3602 2808 3636; x_wconf 89' lang='grc'>;</span> 
     </span>
     <span class='ocr_line' id='line_1_28' title="bbox 520 3673 2799 3738; baseline -0 -12"><span class='ocrx_word' id='word_1_237' title='bbox 520 3676 668 3728; x_wconf 76' lang='lat' dir='ltr'>Fasc.</span> <span class='ocrx_word' id='word_1_238' title='bbox 691 3675 795 3738; x_wconf 89' lang='lat' dir='ltr'>VI,</span> <span class='ocrx_word' id='word_1_239' title='bbox 820 3675 1024 3726; x_wconf 87' lang='lat' dir='ltr'>librum</span> <span class='ocrx_word' id='word_1_240' title='bbox 1045 3674 1116 3726; x_wconf 90' lang='lat' dir='ltr'>de</span> <span class='ocrx_word' id='word_1_241' title='bbox 1137 3691 1195 3725; x_wconf 88' lang='lat' dir='ltr'>re</span> <span class='ocrx_word' id='word_1_242' title='bbox 1216 3675 1416 3727; x_wconf 82' lang='lat' dir='ltr'>rustica</span> <span class='ocrx_word' id='word_1_243' title='bbox 1436 3674 1492 3726; x_wconf 90' lang='lat' dir='ltr'>X</span> <span class='ocrx_word' id='word_1_244' title='bbox 1512 3674 1814 3726; x_wconf 85' lang='lat' dir='ltr'>continens.</span> <span class='ocrx_word' id='word_1_245' title='bbox 1841 3674 1968 3725; x_wconf 87' lang='lat' dir='ltr'>Rec.</span> <span class='ocrx_word' id='word_1_246' title='bbox 1992 3673 2059 3725; x_wconf 90' lang='lat' dir='ltr'>V.</span> <span class='ocrx_word' id='word_1_247' title='bbox 2086 3673 2441 3726; x_wconf 74' lang='lat' dir='ltr'>Lundstrom.</span> <span class='ocrx_word' id='word_1_248' title='bbox 2473 3690 2623 3738; x_wconf 87' lang='lat'><strong>1902.</strong></span> <span class='ocrx_word' id='word_1_249' title='bbox 2650 3673 2799 3725; x_wconf 87' lang='lat' dir='ltr'>Fasc.</span> 
     </span>
     <span class='ocr_line' id='line_1_29' title="bbox 516 3762 2334 3826; baseline -0.001 -11"><span class='ocrx_word' id='word_1_250' title='bbox 516 3764 720 3816; x_wconf 86' lang='lat' dir='ltr'>librum</span> <span class='ocrx_word' id='word_1_251' title='bbox 740 3763 810 3815; x_wconf 89' lang='lat' dir='ltr'>de</span> <span class='ocrx_word' id='word_1_252' title='bbox 831 3780 889 3815; x_wconf 89' lang='lat' dir='ltr'>re</span> <span class='ocrx_word' id='word_1_253' title='bbox 910 3763 1108 3815; x_wconf 82' lang='lat' dir='ltr'>rustica</span> <span class='ocrx_word' id='word_1_254' title='bbox 1126 3763 1210 3815; x_wconf 90' lang='lat' dir='ltr'>XI</span> <span class='ocrx_word' id='word_1_255' title='bbox 1232 3763 1534 3816; x_wconf 86' lang='lat' dir='ltr'>continens.</span> <span class='ocrx_word' id='word_1_256' title='bbox 1559 3764 1687 3815; x_wconf 89' lang='lat' dir='ltr'>Rec.</span> <span class='ocrx_word' id='word_1_257' title='bbox 1709 3763 1775 3814; x_wconf 90' lang='lat' dir='ltr'>V.</span> <span class='ocrx_word' id='word_1_258' title='bbox 1799 3762 2155 3815; x_wconf 78' lang='lat' dir='ltr'>Lundstrom.</span> <span class='ocrx_word' id='word_1_259' title='bbox 2184 3763 2334 3826; x_wconf 84' lang='lat'><strong>1906.</strong></span> 
     </span>
    </p>

    <p class='ocr_par' dir='ltr' id='par_1_6' title="bbox 512 3845 2808 4007">
     <span class='ocr_line' id='line_1_30' title="bbox 586 3845 2808 3917; baseline -0.001 -13"><span class='ocrx_word' id='word_1_260' title='bbox 586 3858 609 3889; x_wconf 82' lang='lat'><em>²</em></span> <span class='ocrx_word' id='word_1_261' title='bbox 645 3845 714 3904; x_wconf 83' lang='lat' dir='ltr'>A.</span> <span class='ocrx_word' id='word_1_262' title='bbox 736 3853 766 3915; x_wconf 91' lang='lat' dir='ltr'>J</span> <span class='ocrx_word' id='word_1_263' title='bbox 768 3852 1060 3917; x_wconf 76' lang='lat' dir='ltr'>osephson,</span> <span class='ocrx_word' id='word_1_264' title='bbox 1083 3852 1191 3905; x_wconf 92' lang='lat' dir='ltr'>Die</span> <span class='ocrx_word' id='word_1_265' title='bbox 1211 3851 1991 3905; x_wconf 84' lang='lat' dir='ltr'>Columella-Handschriften.</span> <span class='ocrx_word' id='word_1_266' title='bbox 2016 3852 2177 3915; x_wconf 84' lang='lat' dir='ltr'>(Acta</span> <span class='ocrx_word' id='word_1_267' title='bbox 2196 3852 2578 3904; x_wconf 80' lang='lat' dir='ltr'>Universitatis</span> <span class='ocrx_word' id='word_1_268' title='bbox 2600 3852 2808 3916; x_wconf 79' lang='lat' dir='ltr'>Upsa1i‹</span> 
     </span>
     <span class='ocr_line' id='line_1_31' title="bbox 512 3941 1848 4007; baseline -0.001 -14"><span class='ocrx_word' id='word_1_269' title='bbox 512 3941 760 4007; x_wconf 75' lang='lat' dir='ltr'>Uppsala</span> <span class='ocrx_word' id='word_1_270' title='bbox 785 3941 1135 3994; x_wconf 85' lang='lat' dir='ltr'>universitets</span> <span class='ocrx_word' id='word_1_271' title='bbox 1161 3942 1404 3994; x_wconf 63' lang='lat' dir='ltr'>firsskrift</span> <span class='ocrx_word' id='word_1_272' title='bbox 1435 3941 1667 4006; x_wconf 84' lang='lat'><strong>1955:8.)</strong></span> <span class='ocrx_word' id='word_1_273' title='bbox 1699 3957 1848 4005; x_wconf 85' lang='lat'><strong>1955.</strong></span> 
     </span>
    </p>

    <p class='ocr_par' dir='ltr' id='par_1_7' title="bbox 514 4029 2808 4272">
     <span class='ocr_line' id='line_1_32' title="bbox 579 4029 2808 4094; baseline -0.001 -12"><span class='ocrx_word' id='word_1_274' title='bbox 579 4036 602 4068; x_wconf 84' lang='lat'>⁸</span> <span class='ocrx_word' id='word_1_275' title='bbox 646 4030 735 4082; x_wconf 90' lang='lat' dir='ltr'>Ad</span> <span class='ocrx_word' id='word_1_276' title='bbox 761 4047 856 4082; x_wconf 80' lang='lat' dir='ltr'>eos</span> <span class='ocrx_word' id='word_1_277' title='bbox 881 4030 1148 4083; x_wconf 79' lang='lat' dir='ltr'>accedunt</span> <span class='ocrx_word' id='word_1_278' title='bbox 1172 4031 1388 4083; x_wconf 84' lang='lat' dir='ltr'>codices</span> <span class='ocrx_word' id='word_1_279' title='bbox 1414 4030 1544 4093; x_wconf 87' lang='lat' dir='ltr'>duo,</span> <span class='ocrx_word' id='word_1_280' title='bbox 1574 4030 1671 4094; x_wconf 90' lang='lat' dir='ltr'>qui</span> <span class='ocrx_word' id='word_1_281' title='bbox 1695 4041 1819 4094; x_wconf 84' lang='lat' dir='ltr'>post</span> <span class='ocrx_word' id='word_1_282' title='bbox 1845 4046 1983 4081; x_wconf 86' lang='lat' dir='ltr'>saec.</span> <span class='ocrx_word' id='word_1_283' title='bbox 2011 4030 2146 4081; x_wconf 90' lang='lat' dir='ltr'>XVI</span> <span class='ocrx_word' id='word_1_284' title='bbox 2174 4029 2470 4094; x_wconf 87' lang='lat' dir='ltr'>perierunt,</span> <span class='ocrx_word' id='word_1_285' title='bbox 2498 4030 2712 4082; x_wconf 82' lang='lat' dir='ltr'>codices</span> <span class='ocrx_word' id='word_1_286' title='bbox 2739 4046 2808 4093; x_wconf 80' lang='lat' dir='ltr'>se]</span> 
     </span>
     <span class='ocr_line' id='line_1_33' title="bbox 514 4118 2808 4183; baseline -0 -12"><span class='ocrx_word' id='word_1_287' title='bbox 514 4119 710 4183; x_wconf 88' lang='lat' dir='ltr'>decim,</span> <span class='ocrx_word' id='word_1_288' title='bbox 747 4119 846 4183; x_wconf 85' lang='lat' dir='ltr'>qui</span> <span class='ocrx_word' id='word_1_289' title='bbox 879 4130 1130 4183; x_wconf 84' lang='lat' dir='ltr'>excerpta</span> <span class='ocrx_word' id='word_1_290' title='bbox 1162 4130 1378 4172; x_wconf 78' lang='lat' dir='ltr'>tantum</span> <span class='ocrx_word' id='word_1_291' title='bbox 1411 4120 1712 4182; x_wconf 87' lang='lat' dir='ltr'>continent,</span> <span class='ocrx_word' id='word_1_292' title='bbox 1748 4130 1802 4171; x_wconf 93' lang='lat' dir='ltr'>et</span> <span class='ocrx_word' id='word_1_293' title='bbox 1834 4119 2050 4171; x_wconf 87' lang='lat' dir='ltr'>codices</span> <span class='ocrx_word' id='word_1_294' title='bbox 2084 4130 2359 4182; x_wconf 78' lang='lat' dir='ltr'>quattuor,</span> <span class='ocrx_word' id='word_1_295' title='bbox 2396 4119 2493 4182; x_wconf 88' lang='lat' dir='ltr'>qui</span> <span class='ocrx_word' id='word_1_296' title='bbox 2526 4135 2592 4170; x_wconf 85' lang='lat' dir='ltr'>ex</span> <span class='ocrx_word' id='word_1_297' title='bbox 2625 4118 2808 4170; x_wconf 71' lang='lat' dir='ltr'>edition</span> 
     </span>
     <span class='ocr_line' id='line_1_34' title="bbox 519 4207 1228 4272; baseline 0.001 -13"><span class='ocrx_word' id='word_1_298' title='bbox 519 4207 794 4272; x_wconf 78' lang='lat' dir='ltr'>impressis</span> <span class='ocrx_word' id='word_1_299' title='bbox 822 4208 1056 4261; x_wconf 85' lang='lat' dir='ltr'>deriuati</span> <span class='ocrx_word' id='word_1_300' title='bbox 1081 4219 1228 4260; x_wconf 81' lang='lat' dir='ltr'>sunt.</span> 
     </span>
    </p>

    <p class='ocr_par' dir='ltr' id='par_1_8' title="bbox 583 4297 1169 4361">
     <span class='ocr_line' id='line_1_35' title="bbox 583 4297 1169 4361; baseline -0.002 -11"><span class='ocrx_word' id='word_1_301' title='bbox 583 4301 605 4333; x_wconf 76' lang='lat'><strong>⁴</strong></span> <span class='ocrx_word' id='word_1_302' title='bbox 645 4298 931 4361; x_wconf 87' lang='lat'>1-4‚24,18</span> <span class='ocrx_word' id='word_1_303' title='bbox 956 4308 1010 4349; x_wconf 88' lang='lat' dir='ltr'>et</span> <span class='ocrx_word' id='word_1_304' title='bbox 1034 4297 1169 4349; x_wconf 85' lang='lat' dir='ltr'>Arb.</span> 
     </span>
    </p>

    <p class='ocr_par' dir='ltr' id='par_1_9' title="bbox 584 4387 982 4452">
     <span class='ocr_line' id='line_1_36' title="bbox 584 4387 982 4452; baseline -0.003 -12"><span class='ocrx_word' id='word_1_305' title='bbox 584 4390 606 4422; x_wconf 82' lang='lat'>⁸</span> <span class='ocrx_word' id='word_1_306' title='bbox 638 4403 808 4452; x_wconf 83' lang='lat'>4,24,1</span> <span class='ocrx_word' id='word_1_307' title='bbox 824 4387 982 4440; x_wconf 86' lang='lat'><strong>8—12.</strong></span> 
     </span>
    </p>
   </div>
   <div class='ocr_carea' id='block_1_5' title="bbox 300 4786 2812 5304">
    <p class='ocr_par' dir='ltr' id='par_1_10' title="bbox 300 4786 2812 5304">
     <span class='ocr_line' id='line_1_37' title="bbox 300 4786 2812 5304; baseline 0 0"><span class='ocrx_word' id='word_1_308' title='bbox 300 4786 1774 5304; x_wconf 95' lang='lat' dir='ltr'> </span> <span class='ocrx_word' id='word_1_309' title='bbox 2020 4822 2812 5304; x_wconf 95' lang='lat' dir='ltr'> </span> 
     </span>
    </p>
   </div>
  </div>
 </body>
</html>
