3109 5559
626 2156 685 2194 IQ

937 1162 1246 1225 Claudius
1294 1163 1698 1245 Augustalis,
1750 1176 1883 1226 tam
1933 1164 2254 1245 ingenuae
2298 1174 2563 1225 naturae

711 1271 989 1334 ditionis
1058 1270 1462 1342 adulescenS,
1538 1270 1947 1353 conplurium
2008 1270 2447 1332 studiosorum
2495 1280 2562 1331 et

708 1376 1149 1458 agricolarum
1197 1378 1609 1440 sermonibus
1656 1379 2002 1458 instigatus
2050 1376 2306 1440 extudit
2353 1376 2527 1449 mihi,
2579 1401 2587 1432 ι

709 1498 933 1545 torum
1015 1504 1208 1564 prosa
1290 1497 1360 1545 ut
1439 1486 1735 1547 oratione
1815 1504 2277 1565 conponerem.
2373 1503 2493 1545 nec
2565 1503 2587 1543 r

711 1590 987 1653 fallebat
1034 1589 1139 1652 hic
1188 1602 1460 1652 euentus
1508 1593 1617 1663 rei,
1665 1611 1810 1652 cum
1850 1590 2252 1672 praedictam
2286 1590 2587 1652 materias.

709 1698 975 1779 legibus
1052 1696 1448 1777 inplicarem.
1554 1699 1672 1759 sed
1744 1699 1882 1771 tibi,
1955 1697 2138 1760 Publi
2209 1696 2472 1771 Siluine,
2547 1718 2587 1776 p

710 1806 1057 1885 expetenti
1117 1804 1611 1866 uersificationis
1671 1814 1931 1867 nostrae
1979 1814 2258 1886 gustum,
2310 1823 2549 1884 negare

710 1911 980 1984 nebam,
1032 1911 1318 1973 facturus
1365 1931 1542 1986 mox,
1593 1913 1648 1973 si
1694 1911 2137 1986 conlibuisset,
2174 1910 2351 1991 quod
2387 1931 2555 1972 nunc

712 2031 785 2080 ut
838 2017 1136 2080 holitoris
1183 2039 1403 2080 curam
1452 2019 1870 2081 subtexerem
1921 2018 2094 2080 uilici
2132 2018 2381 2081 officiis,
2464 2038 2587 2097 qua

712 2127 932 2205 primo
982 2125 1071 2187 rei
1121 2127 1394 2188 rusticae
1448 2125 1611 2189 libro
1666 2126 1936 2188 uidebar
1981 2125 2388 2206 aliquatenus
2433 2145 2587 2186 exet

930 2322 1109 2383 Incipit
1161 2323 1290 2370 liber
1352 2324 1690 2370 duodecimus
1744 2324 1880 2372 rubr.
1932 2325 2141 2369 maiusc.
2193 2325 2227 2370 S
2281 2322 2459 2383 Incipit
2511 2323 2587 2368 lib·

707 2414 790 2460 Aa
855 2411 1029 2472 incipit
1080 2413 1209 2459 liber
1266 2412 1603 2459 duodecimus
1657 2412 1792 2458 rubr.
1846 2413 1932 2458 lite.
1971 2414 2006 2459 b
2067 2411 2245 2472 Incipit
2283 2411 2412 2458 liber
2453 2411 2587 2469 x11;

708 2507 844 2562 ερατ.
896 2517 1004 2548 uae.
1055 2503 1158 2550 rel.)
1198 2514 1249 2549 m
1324 2501 1478 2548 Liber
1530 2502 1887 2548 Duodecimus
1946 2547 1949 2560 ,
2005 2509 2184 2562 prosa'
2216 2502 2280 2547 de
2333 2502 2470 2547 cultu
2523 2501 2587 2547 ho

710 2606 841 2637 cura
882 2590 1152 2638 hortorum
1195 2592 1280 2638 litt.
1321 2592 1531 2638 mm'usc.
1572 2593 1604 2639 ἀ
1655 2591 1808 2638 Liber
1844 2590 2181 2638 duodecimus
2220 2590 2384 2637 Prosa
2423 2590 2488 2636 de
2527 2605 2587 2635 cu

712 2680 859 2726 rubr.
898 2693 931 2738 q
997 2681 1151 2727 Liber
1189 2681 1282 2727 XII
1321 2681 1496 2740 incipit
1536 2680 1751 2727 feliciter
1788 2680 1875 2726 litt.
1918 2682 2128 2726 maiust.
2166 2693 2193 2726 s
2254 2679 2432 2740 Incipit
2457 2679 2586 2725 liber

714 2769 936 2816 feliciter
994 2769 1147 2817 Liber
1203 2770 1555 2817 duodecimus.
1615 2770 1708 2816 XII
1759 2783 1812 2816 w
1864 2769 2202 2816 duodecimus
2242 2768 2415 2829 incipit
2453 2768 2587 2815 rubr.

712 2860 856 2905 cultu
910 2859 1195 2906 hortorum.
1254 2859 1331 2905 De
1387 2874 1510 2905 cura
1563 2859 1848 2905 hortorum.
1910 2859 1964 2904 L.
2019 2858 2082 2905 M.
2144 2858 2428 2905 Columelle
2485 2858 2583 2904 libe

713 2947 940 3007 explicit.
1017 2946 1247 2994 eiusdem
1298 2948 1635 2995 duodecimus
1683 2947 1855 3007 incipit
1890 2961 1928 3005 g·
2037 2947 2202 2994 Prosa
2240 2948 2304 2993 de
2344 2947 2480 2993 cultu
2521 2948 2587 2993 ho

712 3050 839 3083 cura
880 3037 1164 3083 hortorum.
1242 3036 1396 3084 Liber
1444 3036 1781 3084 duodecimus
1818 3052 1978 3097 prosa
2015 3038 2079 3083 de
2118 3038 2255 3083 cultu
2295 3037 2562 3084 hortorum

712 3124 769 3172 L.
828 3126 935 3172 Iun.
1013 3125 1263 3174 Moderati
1320 3125 1523 3173 Coluffl.
1565 3127 1696 3174 liber
1739 3126 1809 3173 XI
1846 3125 1980 3182 (sich
2021 3143 2059 3172 r.
2102 3143 2141 3173 r.
2185 3127 2248 3172 dc
2289 3126 2470 3173 uillicis
2508 3126 2586 3173 off

716 3221 952 3262 ortorum
999 3230 1155 3275 prosa
1195 3215 1336 3263 orae.
1377 3216 1697 3273 Argumenta
1734 3217 1829 3263 hec
1869 3224 1987 3263 sunt
2021 3217 2139 3266 (huc
2163 3231 2317 3275 usquc
2342 3217 2428 3261 litt.
2460 3216 2587 3262 rubr.

716 3304 885 3350 uillice
940 3307 983 3351 ἅ
1023 3320 1123 3364 que
1162 3320 1323 3365 opera
1360 3304 1468 3352 suis
1507 3305 1857 3364 quibuscunq;
1897 3306 2218 3366 temporibus
2253 3304 2337 3351 tini
2375 3305 2542 3365 ipsum
2583 3329 2587 3345 ο

714 3399 836 3439 tent.
919 3393 1056 3451 Quid
1096 3393 1182 3440 uni
1221 3394 1340 3455 iugo
1378 3396 1533 3441 boum
1575 3409 1787 3453 quoquo
1826 3409 2003 3442 mense
2041 3409 2134 3454 per
2161 3395 2390 3454 singulos
2429 3394 2540 3442 dies
2576 3394 2587 3440 i

718 3482 942 3529 bendum
977 3482 1056 3529 sit.
1133 3484 1407 3531 Secundus
1443 3485 1601 3534 (rubr.
1643 3483 1752 3533 litt.)
1791 3484 1955 3531 Prosa
1994 3486 2058 3530 de
2089 3485 2223 3530 cultu
2252 3491 2483 3531 ortorum
2511 3484 2587 3529 lll.

716 3571 906 3616 tionem
944 3574 1224 3618 omiserunt
1256 3573 1397 3632 ckpu

850 3676 869 3706 1
922 3661 1166 3707 Claudios
1206 3669 1257 3716 (u
1295 3671 1407 3724 sup.
1448 3678 1479 3708 o
1520 3678 1589 3708 m.
1631 3663 1740 3712 ree-,l
1789 3668 1826 3710 A
1952 3679 1982 3709 2
2023 3663 2358 3722 complurium
2398 3666 2515 3710 SAR
2554 3679 2586 3708 c

718 3749 1040 3809 complurimi
1078 3765 1113 3799 a
1281 3751 1632 3799 studiosorum
1670 3752 1933 3798 Gesnerus:
1970 3752 2251 3799 studiorum
2292 3754 2410 3799 SAR

718 3851 837 3884 num
869 3841 910 3885 Β
1067 3840 1275 3887 excudit
1312 3843 1355 3888 Β
1509 3858 1536 3900 4
1581 3840 1779 3896 con1(c‘6
1815 3844 2118 3900 Siponerem
2155 3842 2276 3888 SAR
2422 3851 2587 3888 tamen

722 3929 754 3971 6
794 3927 1107 3988 implicarem
1150 3930 1231 3977 ΑΒ
1442 3933 1472 3976 8
1514 3929 1813 3977 conlibisset
1861 3931 1896 3978 A
1952 3935 2003 3982 (ιι
2041 3938 2281 3990 super-scr.
2321 3947 2391 3976 m.
2431 3929 2501 3982 a.)
2540 3933 2573 3976 S

723 4015 883 4066 bdmu
921 4018 1219 4066 collibuisse
1250 4032 1280 4068 c
1318 4020 1614 4067 collibuisse
1652 4033 1688 4067 ιι
1834 4019 2106 4078 aggredior
2143 4020 2187 4067 Β
2330 4034 2364 4078 9
2404 4021 2587 4067 subtex

725 4109 956 4154 texeram
997 4109 1075 4155 Aa
1114 4109 1380 4155 subtexam
1417 4110 1461 4156 Β
1606 4109 1738 4154 uilici
1776 4111 1810 4155 d
1849 4109 2010 4155 uilicis
2049 4109 2121 4155 SA
2163 4109 2343 4155 uillicis
2380 4122 2415 4156 a
2453 4108 2586 4154 uillic

722 4192 793 4240 SA
835 4196 921 4254 qui
958 4197 1002 4243 Β
1194 4212 1252 4243 10
1293 4196 1397 4256 qsso
1436 4199 1508 4246 SA
1548 4213 1703 4256 quom
1745 4198 1825 4242 uel
1860 4213 1972 4243 cum
2012 4198 2056 4244 Β

836 4292 1109 4336 Columella„
1141 4292 1233 4335 vn.
