3109 5559
664 230 740 307 58
1296 249 1349 291 L.
1401 249 1524 291 ivm
1571 248 1897 292 mom-:mm
1948 250 2359 294 commun:

658 407 950 469 consitae
982 418 1150 482 sunt,
1188 406 1415 469 mulier
1446 408 1843 470 admittatur.
1912 429 2064 471 nam
2100 408 2232 472 sere
2266 418 2575 472 contactu
2608 410 2750 471 eius
2783 405 2926 472 lan-

659 524 978 595 guescunt
1025 515 1426 577 incrementa
1473 515 1840 578 nitentium.
1921 517 1976 578 si
2027 536 2184 577 uero
2233 516 2431 577 etiam
2465 516 2528 576 in
2563 515 2928 578 menstruis

558 635 626 699 51
660 620 864 693 fuerit,
931 621 1073 682 uisu
1138 640 1401 702 quoque
1467 640 1589 682 suo
1653 620 1951 684 nouellos
2023 621 2191 684 fetus
2248 621 2527 685 necabit.
2623 623 2930 684 cucumis

659 739 841 789 tener
887 738 953 789 et
1001 728 1502 790 iucundissimus
1543 727 1633 802 fit,
1684 729 1761 803 si,
1811 740 1963 791 ante
2011 748 2208 809 quam
2255 748 2454 801 seraa
2504 748 2729 791 semen
2773 727 2930 790 eius

662 834 828 896 lacte
894 854 1203 896 maceres,
1302 834 1592 898 nonnulli
1653 837 1851 898 etiam
1916 856 2049 916 quo
2097 834 2350 898 dulcior
2395 836 2691 907 exsistat,
2741 855 2928 917 aqua
2951 869 2982 914 5

661 940 866 1003 mulsa
926 943 1098 1003 idem
1163 940 1423 1004 faciunt.
1519 943 1639 1004 sed
1698 944 1809 1023 qui
1869 956 2350 1023 praematurum
2401 941 2676 1005 fructum
2724 962 2921 1003 cucu-

662 1049 854 1109 meris
926 1049 1167 1110 habere
1234 1047 1431 1122 uolet,
1506 1048 1808 1111 confecta
1885 1048 2113 1110 bruma
2183 1059 2608 1111 stercoratam
2675 1058 2921 1110 terram

631 1155 931 1250 ‘inditam
999 1155 1300 1235 cophinis
1366 1154 1623 1217 obserat
1691 1156 2155 1236 modicumque
2225 1156 2538 1235 praebeat
2599 1175 2922 1217 umorem.

661 1262 899 1323 deinde
947 1282 1094 1324 cum
1151 1273 1344 1324 enata
1391 1263 1644 1324 semina
1694 1262 1946 1336 suerint,
1998 1262 2239 1342 tepidis
2285 1262 2521 1324 diebus
2567 1274 2633 1324 et
2682 1261 2928 1324 insola·

662 1371 744 1430 tis
791 1370 973 1431 iuxta
1021 1368 1388 1431 aedificium
1436 1368 1561 1430 sub
1610 1370 1765 1430 diuo
1817 1380 2039 1449 ponat,
2091 1370 2180 1431 ita
2224 1380 2296 1431 ut
2340 1369 2425 1431 ab
2458 1369 2638 1431 omni
2670 1366 2933 1430 adflatu
2961 1403 3017 1435 ιο

664 1487 1106 1556 protegantur.
1203 1486 1491 1537 ceterum
1544 1475 1892 1557 frigoribus
1942 1495 2018 1537 ac
2068 1475 2572 1556 tempestatibus
2619 1474 2740 1537 sub
2787 1486 2934 1537 tec-

663 1597 796 1644 tum
870 1582 1103 1644 referat
1169 1582 1366 1663 idque
1433 1595 1567 1644 tarn
1615 1583 1725 1643 diu
1777 1582 1990 1658 saciat,
2042 1584 2195 1645 dum
2248 1583 2732 1664 aequinoctium
2778 1602 2934 1644 uer·

663 1710 815 1751 num
887 1689 1147 1751 confiat.
1245 1701 1479 1769 postea
1550 1700 1727 1751 totos
1797 1690 2121 1770 cophinos
2182 1691 2486 1752 demittat
2533 1691 2598 1751 in
2644 1701 2934 1764 terram3

564 1811 639 1875 52
664 1798 757 1858 sic
814 1798 989 1858 enim
1048 1816 1481 1877 praecoquem
1546 1796 1820 1858 fructum
1885 1796 2174 1859 habebit.
2273 1810 2550 1877 possunt
2596 1796 2820 1868 etiam,
2879 1800 2936 1858 si

665 1905 747 1965 sit
816 1922 1058 1982 operae
1129 1905 1425 1977 pretium,
1498 1905 1673 1965 uasis
1745 1904 2099 1966 maioribus
2169 1902 2417 1965 rotulae
2491 1903 2717 1974 subici,
2785 1924 2937 1984 quo
2965 1937 3019 1980 ιε,

666 2011 915 2071 minore
964 2009 1186 2072 labore
1235 2011 1678 2090 producantur
1724 2021 1790 2072 et
1838 2031 2056 2073 rursus
2098 2012 2264 2072 intra
2297 2022 2472 2072 tecta
2507 2010 2932 2089 recipiantur.

665 2117 782 2177 sed
855 2114 1053 2177 nihilo
1126 2117 1337 2178 minus
1407 2116 1858 2197 specularibus
1931 2118 2135 2197 integi
2202 2116 2557 2190 debebunt,
2605 2127 2676 2176 ut
2720 2117 2936 2180 etiam

567 2239 594 2302 5
609 2240 641 2302 3
669 2223 1015 2304 frigoribus
1073 2225 1321 2285 serenis
1378 2224 1611 2285 diebus
1658 2236 1800 2285 tuto
1852 2224 2298 2303 producantur
2343 2225 2428 2285 ad
2476 2223 2700 2285 solem.
2801 2224 2938 2287 hac

670 2333 917 2393 ratione
970 2331 1102 2391 fere
1146 2342 1288 2392 toto
1329 2351 1501 2392 anno
1535 2330 1804 2393 Tiberio
1840 2329 2104 2392 Caesari
2140 2332 2431 2393 cucumis
2465 2330 2934 2411 praebebatur.

670 2459 790 2499 nos
838 2450 1055 2501 autem
1105 2438 1348 2499 leuiore
1396 2458 1600 2517 opera
1648 2437 1822 2499 istud
1874 2437 2008 2499 fieri
2059 2438 2233 2517 apud
2286 2437 2666 2518 Aegyptiae
2708 2440 3024 2519 gentis2o

670 2545 900 2607 Bolum
974 2546 1384 2607 Mendesium
1458 2545 1754 2626 legimus,
1827 2546 1938 2625 qui
2009 2545 2330 2625 praecipit
2384 2546 2608 2624 aprico
2657 2556 2721 2605 et
2769 2557 2938 2608 ster·

669 2673 905 2715 coroso
977 2652 1124 2714 loco
1195 2651 1459 2714 alternis
1529 2652 1869 2714 ordinibus
1942 2651 2199 2723 ferulaS,
2271 2650 2554 2714 alternis·
2603 2652 2808 2714 rubos
2873 2656 2937 2715 in

672 2761 876 2822 hortis
945 2761 1233 2821 consitas
1304 2760 1576 2834 habere3
1657 2760 1897 2820 deinde
1968 2778 2082 2819 eas
2149 2757 2453 2821 confecto
2509 2759 2938 2839 aequinoctio

673 2866 936 2947 paululo
996 2865 1157 2928 infra
1206 2878 1439 2928 terram
1490 2886 1714 2927 secare
1764 2877 1828 2927 et
1878 2865 2100 2947 ligneo
2149 2864 2297 2927 stilo
2347 2865 2586 2927 laxatis
2632 2862 2737 2926 uel
2791 2867 2938 2929 rubi

851 3116 880 3146 2
921 3098 1124 3146 urenti&
1164 3101 1198 3146 S
1379 3115 1409 3158 3
1450 3099 1564 3146 uisu
1605 3103 1647 3146 Β
1686 3099 1799 3145 uiso
1842 3101 1879 3147 A
1920 3101 1972 3150 (u
2009 3105 2122 3161 sup.
2164 3114 2195 3144 o
2235 3113 2330 3145 scr.
2371 3091 2468 3154 221³)
2506 3098 2539 3145 S
2577 3097 2693 3145 uisa
2731 3099 2766 3145 b

683 3189 884 3236 necabit
922 3192 963 3236 Β
1012 3188 1213 3235 uacauit
1250 3191 1297 3244 (a
1337 3190 1389 3235 in
1430 3204 1475 3235 σε
1516 3193 1641 3234 mut.
1682 3180 1778 3244 Μ’)
1816 3189 1850 3235 S
1902 3188 2106 3248 negauit
2143 3189 2183 3235 A
2223 3188 2428 3249 negabit
2464 3201 2500 3235 a
2683 3204 2714 3246 4
2754 3189 2938 3236 iucun-

674 3278 915 3324 dissimus
954 3282 997 3327 Β
1044 3277 1422 3324 iucundissimis
1461 3279 1494 3324 S
1544 3276 1927 3324 iocundissimis
1964 3279 2004 3325 A
2059 3277 2459 3324 iocundissimus
2496 3290 2532 3324 a
2753 3293 2787 3337 5
2829 3279 2934 3326 exi·

676 3375 775 3415 stat
812 3368 932 3418 SAR
1077 3370 1108 3413 8
1150 3366 1353 3413 obserat
1391 3381 1442 3414 m
1484 3367 1674 3414 offerat
1702 3367 1851 3414 ΒΑΜ»
1895 3367 2108 3413 obserat
2131 3367 2303 3425 cdgpq
2449 3366 2721 3413 humorem
2749 3370 2796 3416 Β

683 3472 742 3503 1o
780 3456 958 3504 afflatu
998 3460 1041 3505 Β
1192 3471 1245 3502 11
1289 3473 1319 3503 a
1357 3457 1402 3510 (c
1442 3471 1482 3502 s.
1522 3473 1572 3503 u.
1612 3455 1775 3502 adscr.
1817 3448 1914 3512 καθ)
1953 3456 1986 3502 S
2145 3469 2206 3514 13
2246 3454 2439 3502 eonfiat
2476 3456 2587 3503 SAb
2625 3455 2872 3504 conficiat
2898 3460 2942 3505 Β

862 3561 919 3604 14
959 3545 1161 3605 possint
1199 3547 1232 3592 S
1404 3560 1460 3605 17
1502 3545 1658 3605 integi
1697 3544 1961 3592 debebunt
2000 3552 2057 3592 ut
2096 3547 2139 3593 Β
2177 3543 2384 3605 inintegi
2426 3544 2758 3592 debebantur
2796 3547 2832 3592 8
2867 3546 2940 3592 in·

679 3635 829 3696 integi
871 3626 1072 3682 debeb‘f
1109 3642 1164 3681 ut
1200 3637 1238 3682 A
1279 3634 1414 3682 intus
1454 3634 1610 3695 integi
1652 3635 1917 3680 debebunt
1958 3642 2013 3680 ut
2049 3647 2085 3681 a
2110 3633 2158 3680 ui
2190 3633 2343 3694 integi
2370 3633 2636 3682 debebunt
2661 3641 2718 3682 ut
2742 3636 2776 3682 d

686 3727 745 3772 18
784 3740 965 3772 serens
1004 3725 1037 3778 (i
1075 3731 1188 3787 sup.
1228 3740 1288 3771 ns
1326 3740 1419 3770 scr.
1461 3740 1530 3770 m.
1575 3727 1684 3776 rec.)
1721 3725 1761 3771 A
1925 3738 1994 3771 20
2034 3724 2157 3770 istut
2193 3721 2232 3780 (t
2272 3724 2325 3769 fn
2364 3723 2398 3769 d
2438 3727 2565 3769 mut.
2605 3715 2704 3780 ιη’)
2742 3725 2777 3770 S

679 3823 802 3875 aput
837 3817 870 3861 S
1051 3829 1113 3860 21
1156 3814 1329 3860 nolum
1370 3812 1624 3860 mendisiu
1666 3815 1703 3861 A
1745 3810 2144 3860 uolumendesiss
2183 3813 2217 3859 S
2255 3812 2503 3859 uolunum
2542 3813 2866 3860 mendesium
2907 3830 2944 3862 ι

680 3904 927 3965 populum
967 3903 1323 3950 mendensium
1365 3906 1408 3951 Β
1634 3901 1797 3962 praeit
1834 3902 2012 3962 aprico
2052 3903 2090 3950 A
2308 3917 2374 3948 22
2416 3902 2577 3948 robos
2614 3899 2669 3958 (u
2705 3909 2820 3965 sup.
2853 3911 2940 3965 pr.

681 4009 712 4040 o
750 4009 843 4040 scr.
885 3984 981 4048 νηὶ)
1022 3995 1054 4040 S
1280 4006 1347 4051 23
1388 3991 1614 4039 consitas
1653 3992 1768 4044 (itas
1808 3994 1861 4039 in
1903 3991 2024 4046 ras.)
2062 3992 2096 4038 S
2331 4006 2421 4038 eas
2460 3993 2504 4038 Β
2541 4005 2609 4037 ex
2648 3991 2722 4038 SA

681 4099 746 4142 24
786 4083 996 4143 paululo
1037 4084 1071 4128 S
1120 4080 1331 4142 paulum
1372 4083 1409 4129 A
1460 4082 1720 4141 paululum
1762 4085 1805 4129 Β
1852 4082 2095 4141 pabulum
2138 4083 2169 4127 b
2387 4079 2523 4126 lineo
2563 4080 2601 4127 A
2641 4083 2695 4141 (g
2729 4088 2841 4144 sup.
2886 4083 2938 4128 in

692 4189 785 4220 scr.
826 4167 922 4230 ηις)
960 4174 995 4220 S
