3109 5559
690 310 771 364 88
1281 328 1332 370 L.
1385 328 1509 370 ivm
1559 329 1884 372 mom-:am
1932 329 2344 372 comm-:nme

687 485 772 546 ad
844 486 1287 548 maturitatem
1358 488 1556 549 uenit.
1650 507 1872 550 rursus
1937 508 2106 568 quae
2169 487 2417 569 duplici
2457 457 2712 550 semine
2760 501 2948 557 sunt,

686 603 757 654 ut
806 592 976 666 faba,
1025 594 1261 675 pisum,
1311 591 1641 669 lenticula,
1691 594 1926 657 diebus
1972 595 2407 675 quadraginta
2457 595 2690 657 florent
2721 595 2950 657 simul·

683 721 812 780 que
859 700 1329 781 grandescunt.

254 826 353 870 vro
393 827 550 873 modo
580 800 661 865 12
862 808 950 869 Et
996 818 1068 869 ut
1113 809 1245 869 iam
1292 828 1822 888 percenseamus,
1871 821 2036 889 quot
2081 811 2301 890 operis
2348 810 2415 871 in
2448 829 2667 871 aream
2702 809 2950 889 perdu-

252 898 543 1026 ξέῗῖᾞῖι
684 927 915 977 cantur
960 935 1059 991 ea,
1109 936 1281 996 quae
1329 928 1540 978 terrae
1573 917 1990 992 credidimuS‚
2027 917 2219 979 tritici
2253 917 2457 978 modii
2488 924 2806 997 quattuor
2843 916 2947 978 uel
2975 949 3005 993 5

251 1053 452 1098 operae
683 1023 971 1103 quinque
1045 1021 1478 1084 bubulcorum
1543 1042 1783 1103 operas
1850 1036 2183 1103 occupant
2229 1034 2559 1103 quattuor,
2610 1025 2951 1085 occatoris

250 1112 556 1159 desideren-

685 1149 903 1201 unam,
974 1131 1245 1191 sartoris
1306 1130 1473 1192 duas
1520 1131 1801 1210 primum
1851 1142 1920 1192 et
1967 1151 2164 1192 unam
2211 1150 2361 1192 cum
2412 1132 2644 1192 iterum
2693 1132 2949 1192 sariun-

683 1248 802 1307 tur,
854 1238 1219 1299 runcatoris
1266 1257 1486 1311 unam,
1536 1238 1848 1299 messoris
1891 1246 2090 1300 unam
2121 1248 2189 1303 et
2221 1237 2590 1313 dimidiam;
2626 1239 2690 1299 in
2726 1250 2944 1299 totum

683 1364 1005 1406 summam
1073 1365 1422 1425 operarum
1490 1344 1720 1407 decem
1794 1357 1860 1406 et
1930 1345 2288 1406 dimidiam.
2383 1344 2662 1425 siliginis
2735 1345 2945 1406 modii

683 1452 971 1531 quinque
1020 1452 1295 1514 totidem
1345 1472 1585 1532 operas
1631 1452 2032 1514 desiderant.
2125 1453 2395 1514 seminis
2443 1452 2647 1513 modii
2696 1472 2945 1513 nouem
2971 1483 3030 1515 ιο

682 1558 785 1619 uel
833 1559 1063 1620 decem
1114 1559 1391 1621 totidem
1441 1578 1681 1639 operas
1729 1572 1892 1639 quot
1926 1560 2123 1621 tritici
2155 1561 2358 1621 modii
2393 1560 2681 1639 quinque
2717 1571 2943 1638 postu·

621 1664 838 1727 zlant.
931 1666 1158 1727 hordei
1234 1667 1436 1727 modii
1505 1668 1796 1747 quinque
1856 1666 2117 1728 bubulci
2169 1686 2410 1747 operas
2458 1678 2591 1727 tres
2638 1668 2941 1745 exigunt,

680 1774 1081 1834 occatoriam
1134 1792 1350 1846 unam,
1400 1775 1746 1835 sartoriam
1794 1794 1990 1835 unam
2040 1785 2106 1836 et
2152 1774 2514 1845 dimidiam,
2551 1773 2942 1835 messoriam

680 1897 909 1941 unam:
976 1900 1298 1942 summam
1347 1901 1695 1961 operarum
1743 1902 1866 1943 sex
1913 1895 1980 1943 et
2027 1882 2390 1944 dimidiam.
2488 1880 2682 1942 fabae
2733 1880 2937 1941 modii

679 1998 990 2067 quattuor
1039 1985 1141 2048 uel
1189 2008 1309 2049 sex
1359 1989 1423 2048 in
1475 1999 1769 2049 uetereto
1817 1989 1986 2050 duas
2029 2008 2270 2068 operas
2309 1986 2746 2050 bubulcorum
2781 1988 2938 2049 deti·
2965 2016 3021 2061 15

680 2108 859 2166 nent,
930 2105 1000 2155 at
1047 2096 1109 2156 in
1161 2094 1434 2156 restibili
1480 2115 1698 2167 unam,
1748 2108 2062 2157 occantur
2104 2097 2553 2176 sesquiopera,
2611 2095 2943 2157 sariuntur

680 2204 1109 2282 sesquiopera
1135 2215 1201 2264 et
1228 2222 1357 2264 una
1381 2220 1587 2281 opera
1611 2204 1867 2274 iterum,
1898 2203 2160 2264 tertium
2194 2204 2523 2264 sariuntur
2546 2221 2676 2263 una
2709 2221 2936 2281 opera,

623 2327 657 2387 3
685 2320 1015 2370 metuntur
1062 2329 1219 2371 una:
1268 2329 1524 2370 summa
1569 2309 1640 2370 fit
1672 2329 2020 2389 operarum
2057 2321 2212 2371 octo
2245 2309 2350 2371 uel
2381 2320 2662 2389 septem.
2731 2310 2939 2370 niciae

683 2415 886 2477 modii
932 2436 1055 2478 sex
1103 2414 1205 2477 uel
1253 2426 1510 2495 septem
1561 2417 1625 2477 in
1675 2428 1971 2478 uetereto
2019 2416 2451 2479 bubulcorum
2500 2417 2665 2477 duas
2698 2435 2936 2496 operas

682 2523 932 2597 uolunt,
984 2524 1047 2584 in
1097 2522 1367 2591 restibili
1416 2543 1634 2597 unam,
1686 2525 1841 2585 item
1890 2536 2206 2587 occantur
2252 2544 2383 2584 una
2424 2543 2650 2603 opera,
2688 2535 3016 2584 metm-20

682 2634 785 2692 tui·
853 2650 1016 2692 una:
1065 2650 1323 2692 summa
1368 2629 1441 2691 fit
1488 2649 1836 2710 operarum
1888 2642 2217 2711 quattuor.
2312 2633 2446 2692 erui
2498 2631 2706 2692 modii
2753 2630 2933 2710 quin-

681 2759 808 2819 que
857 2738 1133 2800 totidem
1182 2738 1404 2817 operis
1449 2750 1903 2812 conseruntur,
1937 2748 2252 2799 occantur
2285 2758 2433 2811 una,
2471 2739 2625 2799 item
2659 2735 2933 2817 singulis

681 2846 1026 2918 sariuntur,
1100 2856 1469 2919 runcantur,
1543 2856 1903 2915 metuntur;
1977 2865 2145 2924 quae
2217 2856 2456 2906 cuncta
2526 2865 2646 2906 sex
2698 2861 2933 2925 operas

252 1187 346 1229 tur

865 3019 893 3052 2
934 3006 1054 3053 fana
1092 3009 1129 3053 A
1276 3005 1370 3052 XL
1408 3012 1460 3053 ta
1500 3009 1537 3053 A

860 3096 964 3145 x11.
1040 3094 1490 3154 Quemadmodum
1531 3102 1660 3159 quot
1698 3096 1821 3158 opis
1859 3096 2090 3157 iugerum
2131 3104 2316 3160 quotqz
2359 3096 2740 3144 frumentorum
2781 3104 2832 3144 et
2868 3094 2936 3141 le-

681 3185 942 3245 guminum
982 3185 1185 3232 colatur
1221 3199 1319 3245 pro
1358 3186 1516 3231 modo
1557 3184 1765 3249 ‹·uiusq;
1804 3187 1910 3247 agri
1951 3186 2091 3247 (apte
2126 3188 2179 3236 d)
2207 3192 2335 3251 quot
2359 3201 2455 3246 per
2482 3202 2545 3234 ea
2570 3186 2933 3235 desiderentur

680 3276 956 3322 (dederent
990 3273 1044 3330 d)
1082 3273 1218 3321 rubr.
1258 3286 1331 3333 gq
1370 3274 1423 3321 in
1464 3289 1636 3336 marg.
1674 3276 1708 3323 (ἰ
1747 3273 2149 3334 Ωυεωαάωοάῒι
2189 3278 2232 3323 ἃ
2271 3284 2400 3340 quot
2438 3277 2560 3338 opis
2601 3276 2707 3324 unu
2737 3274 2930 3340 quodqz

682 3365 996 3425 frumentor3
1034 3364 1153 3421 (huc
1190 3380 1345 3427 usquc
1383 3362 1618 3417 maiusc.)
1660 3368 1702 3411 ἃ
1742 3365 2055 3426 leguminum
2097 3367 2298 3413 colatur
2335 3366 2393 3412 C.
2424 3365 2567 3412 XVII
2593 3370 2620 3413 t.
2648 3366 2754 3413 Pro
2781 3362 2930 3411 modo

682 3453 890 3519 cuiusq;
930 3454 1037 3513 agri
1075 3454 1216 3518 quod
1257 3468 1365 3515 ope
1405 3453 1770 3501 desiderentur
1808 3453 1874 3516 οῖ)
1913 3448 2127 3501 xvull⁰
2167 3455 2304 3502 rubr.
2345 3471 2471 3503 mox
2506 3454 2653 3515 infra
2687 3460 2806 3517 post
2829 3466 2931 3497 cre-

682 3543 904 3590 didimus
952 3544 1102 3590 inser.
1142 3556 1193 3590 m
1252 3528 1260 3537 ’
1341 3560 1371 3602 4
1401 3543 1475 3607 qd·
1510 3545 1583 3591 SA
1731 3557 1762 3603 5
1803 3551 2027 3607 quatuor
2063 3545 2144 3590 uel
2169 3544 2255 3591 1111
2283 3550 2324 3593 R
2345 3544 2566 3607 plerique·
2591 3543 2641 3589 h.
2671 3545 2710 3589 1:
2735 3548 2782 3589 ct
2802 3557 2928 3604 sequ.

824 3634 856 3680 6
896 3647 1085 3694 eperat
1123 3632 1219 3695 (pr.
1261 3648 1291 3680 e
1328 3641 1435 3695 exp-
1476 3638 1522 3678 et
1559 3648 1590 3679 o
1629 3649 1695 3679 ss.
1737 3649 1805 3681 m.
1847 3634 1958 3687 rec.)
1995 3635 2033 3682 A
2179 3646 2211 3686 9
2253 3631 2300 3680 iii
2339 3636 2373 3680 S
2410 3633 2567 3680 modii
2595 3632 2632 3681 A
2676 3631 2834 3681 modii
2861 3628 2932 3675 uel

683 3696 732 3770 llll
758 3728 800 3771 R
947 3737 1135 3770 nouem
1163 3723 1388 3787 quinque
1416 3725 1454 3770 A
1607 3736 1670 3768 ιο
1700 3722 1927 3770 Seminis
1952 3723 2021 3781 Sp
2046 3723 2088 3769 si
2110 3722 2322 3770 seminis
2345 3725 2426 3771 AB
2446 3723 2659 3771 sesamii
2680 3726 2798 3769 neu.
2824 3718 2928 3766 edd.

834 3827 889 3858 11
921 3819 1047 3876 quot
1084 3815 1127 3859 R
1173 3811 1247 3875 qd
1284 3813 1357 3859 SA
1506 3810 1552 3857 ιίι
1592 3814 1625 3859 S
1672 3826 1758 3858 mo
1795 3810 1884 3869 (dii
1909 3827 1976 3859 ss.
2007 3828 2077 3859 m.
2105 3807 2219 3867 rec.)
2245 3814 2282 3859 A
2311 3811 2468 3859 modii
2495 3816 2537 3860 R
2693 3827 2754 3871 14
2786 3810 2929 3857 {auae

684 3904 719 3948 A
874 3911 931 3962 15
974 3907 1241 3948 ueteretos
1279 3900 1325 3957 (s
1360 3905 1531 3962 postea
1571 3898 1703 3963 erp.)
1741 3903 1774 3949 A
1931 3902 1991 3948 16
2030 3908 2083 3948 nt
2119 3903 2257 3949 SAds
2297 3917 2354 3948 ac
2394 3907 2436 3950 R
2581 3917 2735 3965 καφ
2776 3909 2927 3958 opera

683 3993 792 4049 SAp
829 3990 1118 4055 sesquiopa
1154 3992 1217 4038 dt,
1255 4005 1349 4038 sex
1389 3991 1475 4053 qui
1514 4005 1677 4050 opere
1716 3994 1757 4039 R
1793 4006 1886 4037 sex
1927 4005 2029 4038 unu
2056 4005 2216 4051 opera
2244 4006 2269 4038 s
2422 4004 2482 4051 17
2522 3991 2792 4039 sariuntur
2829 4001 2942 4059 ses--

681 4080 933 4145 quiopera
971 4087 1024 4128 et
1061 4096 1162 4128 una
1201 4095 1361 4139 opera
1399 4081 1603 4142 scripsi:
1643 4080 1906 4127 sariuntur
1943 4095 2039 4128 sex
2068 4095 2170 4127 una
2209 4095 2371 4140 opera
2409 4084 2453 4128 R
2490 4097 2592 4126 οηι.
2634 4082 2775 4128 SAds
2813 4068 2942 4121 sari·'

683 4177 840 4219 untur
875 4170 1219 4234 sesquiopera
1256 4174 1283 4217 t
1439 4170 1646 4218 tertium
1688 4168 1896 4217 addidi.-
1933 4185 2033 4218 om.
2074 4172 2195 4217 SAR
2349 4184 2409 4230 19
2448 4169 2588 4217 modi
2628 4174 2663 4217 S
2699 4170 2734 4223 (i
2770 4165 2926 4212 adser.

681 4276 723 4308 s.
764 4278 813 4306 u.
856 4277 925 4306 m.
966 4259 1078 4317 rec.)
1116 4263 1154 4309 A
1302 4260 1391 4307 VH
1436 4263 1468 4307 A
1500 4265 1545 4305 et
1582 4264 1624 4308 R
1662 4261 1855 4323 aliquot
2000 4276 2060 4305 21
2108 4260 2246 4306 modi
2286 4261 2319 4304 S
2344 4256 2454 4317 (alt.
2482 4260 2496 4305 i
2527 4259 2691 4308 ndsrr.
2723 4274 2791 4303 m.
2820 4254 2927 4301 net.)

683 4353 719 4398 A
869 4361 935 4408 23
976 4350 1231 4398 satiuntur
1272 4352 1304 4397 A

0 4566 437 4719 fl

121 4712 447 4872 ...V
