3109 5559
1559 39 1678 106 Rei
1708 40 1986 106 rusticae
2016 39 2130 106 lib.
2167 40 2263 105 IV
2291 61 2348 107 c.
2383 41 2507 127 5-8
2635 60 2713 128 71

109 229 178 307 7
349 239 389 281 1
435 217 672 284 Omnis
712 231 934 283 autem
973 215 1486 303 pampinationis
1525 239 1603 283 ea
1640 230 1741 284 est
1779 216 2306 303 tempestituitas,
2352 217 2515 283 dum
2554 217 2720 285 adeo

235 324 467 414 teneri
501 323 804 410 palmites
838 337 1013 403 sunt,
1053 336 1127 390 ut
1161 322 1294 389 leui
1326 337 1504 390 tactu
1541 322 1728 410 digiti
1765 324 2200 390 decutiantur.
2238 345 2394 390 nam
2427 324 2483 389 si
2516 323 2720 391 uehe-

238 430 548 497 mentius
590 429 1053 509 induruerunt,
1100 442 1213 496 aut
1256 429 1501 496 maiore
1545 429 1697 495 nisu
1741 429 2156 496 conuellendi
2200 443 2358 496 sunt
2399 444 2513 496 aut
2555 430 2721 498 falce

242 536 646 623 deputandi;
700 538 883 623 quod
935 550 1294 622 utrumque
1346 536 1697 603 uitandum
1748 550 1866 616 est,
1922 537 2221 616 alterum,
2277 537 2434 623 quia
2483 537 2722 604 lacerat

142 674 178 723 5
239 656 558 723 matrem,
588 642 645 709 si
671 642 983 709 reuellere
1010 642 1285 722 coneris,
1317 642 1615 723 alterum,
1647 642 1802 729 quia
1828 642 2094 722 sauciat,
2126 643 2307 730 quod
2334 643 2405 709 in
2430 643 2628 710 uiridi
2655 657 2722 711 et

236 750 477 816 adhuc
524 749 728 836 stirpe
775 749 1102 816 inmatura
1149 747 1291 815 fieri
1339 749 1615 816 noxium
1662 763 1780 816 est.
1873 770 1913 816 2
1957 770 2174 836 neque
2222 749 2402 815 enim
2449 762 2721 817 eatenus

239 857 449 943 plaga
476 855 789 936 constitit,
820 878 954 942 qua
980 855 1335 943 uestigium
1361 855 1518 922 fecit
1545 855 1734 935 acieS,
1765 856 1883 922 sed
1911 855 2175 922 aestiuis
2202 855 2528 921 caloribus
2555 854 2721 923 falce

233 963 506 1029 uulnus
536 963 801 1049 penitus
832 963 1206 1049 inpressum
1236 963 1517 1042 et<iam>
1552 961 1746 1029 latius
1775 962 2098 1042 inarescit,
2132 962 2222 1028 ita
2251 976 2328 1029 ut
2356 985 2493 1029 non
2523 962 2720 1028 mini-

241 1092 439 1135 mam
469 1082 724 1156 partem
756 1070 839 1135 de
871 1069 1017 1155 ipso
1047 1069 1274 1135 matris
1304 1090 1578 1156 corpore
1610 1081 1817 1135 necet.

113 1207 188 1245 10
338 1176 564 1262 Atque
596 1175 766 1255 ideo,
802 1175 858 1242 si
891 1176 1024 1241 iam
1054 1175 1354 1242 caulibus
1386 1175 1570 1241 duris
1601 1174 1837 1241 falcem
1868 1174 2169 1242 adhiberi
2200 1197 2464 1242 necesse
2496 1189 2615 1255 est,
2651 1175 2721 1241 id

239 1282 535 1369 paulum
568 1281 652 1348 ab
685 1282 828 1369 ipsa
862 1295 1070 1349 matre
1104 1281 1535 1348 recidendum
1569 1295 1668 1348 est
1701 1295 1768 1348 et
1801 1282 1985 1349 uelut
2019 1303 2271 1348 reseces
2306 1281 2720 1368 relinquendi

240 1402 436 1469 sunt,
467 1388 583 1477 qui
611 1389 842 1456 caloris
868 1388 1196 1475 excipiant
1223 1388 1529 1454 iniuriam
1556 1402 1846 1467 eatenus,
1879 1410 2009 1474 qua
2035 1401 2434 1454 enascuntur
2460 1410 2497 1454 a
2524 1387 2720 1454 latere

242 1495 582 1583 palmites.
616 1495 788 1561 ultra
816 1495 996 1561 enim
1027 1518 1163 1562 non
1193 1494 1397 1581 serpit
1427 1495 1693 1581 uaporis
1723 1494 2054 1560 uiolentia.

337 1621 387 1685 3
434 1602 516 1667 In
561 1601 862 1667 malleolo
907 1601 1139 1667 similis
1184 1601 1348 1667 ratio
1393 1615 1493 1668 est
1536 1600 1967 1687 pampinandi
2012 1614 2079 1667 et
2122 1601 2193 1667 in
2237 1601 2720 1688 longitudinem

129 1738 191 1787 ις
243 1707 562 1774 eliciendi
594 1707 952 1786 materiam,
986 1707 1041 1773 si
1071 1729 1150 1773 eo
1181 1707 1464 1773 uelimus
1493 1707 1800 1773 anniculo
1830 1707 1949 1786 uti,
1983 1707 2165 1793 quod
2196 1729 2318 1794 ego
2347 1729 2541 1794 saepe
2570 1706 2717 1774 feci.

245 1816 376 1881 sed
408 1814 463 1880 si
494 1813 911 1901 propositum
941 1828 1040 1880 est
1070 1813 1301 1901 utique
1332 1813 1641 1892 recidere,
1676 1827 1752 1880 ut
1782 1813 1964 1879 bimo
1995 1814 2218 1900 potius
2249 1828 2532 1894 utamur,
2567 1836 2724 1881 cum

245 1922 341 1987 ad
387 1943 603 1987 unum
645 1921 1040 2007 pampinum
1083 1920 1216 1986 iam
1259 1920 1586 2006 redegeris
1631 1933 1698 1986 et
1740 1921 1797 1986 is
1840 1920 1982 2006 ipse
2027 1921 2374 1987 excesserit
2418 1919 2722 2006 pedalem

247 2027 764 2114 longitudinem,
802 2026 1295 2094 decacuminare
1330 2027 1700 2106 conueniet,
1737 2041 1812 2093 ut
1844 2027 1913 2093 in
1946 2027 2272 2093 ceruicem
2304 2027 2528 2114 potius
2561 2049 2720 2093 con-

245 2133 561 2200 firmetur
589 2146 655 2200 et
683 2133 769 2200 sit
798 2133 1148 2200 robustior.

138 2269 204 2306 20
335 2242 564 2328 Atque
595 2240 756 2307 haec
784 2241 1154 2327 positorum
1184 2240 1515 2307 seminum
1544 2240 1760 2327 prima
1788 2241 2046 2307 cultura
2075 2254 2192 2307 est.

160 2477 206 2552 8
242 2488 725 2576 Ablaqueatio
747 2489 1082 2556 nouellae

345 2671 390 2712 t
428 2648 733 2735 Sequens
764 2648 1002 2715 deinde
1023 2663 1310 2736 tempuS,
1335 2664 1411 2716 ut
1430 2650 1726 2736 prodidit
1744 2651 1977 2717 Celsus
1999 2665 2065 2718 et
2080 2650 2361 2729 Atticus,
2388 2672 2557 2736 quos
2580 2650 2723 2716 iure

256 2755 547 2821 maxime
574 2769 797 2821 nostra
821 2769 995 2822 aetas
1020 2755 1348 2843 probauit,
1378 2770 1528 2843 post
1559 2756 1721 2822 Idus
1748 2757 2057 2823 Octobris
2080 2756 2471 2843 ampliorem
2497 2777 2724 2822 curam

259 2860 580 2948 deposcit.
610 2883 766 2927 nam
790 2876 943 2948 post
970 2862 1133 2928 Idus
1160 2862 1490 2942 Octobris,
1519 2862 1908 2949 priusquam
1935 2862 2174 2948 frigora
2200 2864 2537 2941 inuadant,
2566 2862 2723 2928 uitis

188 2994 216 3042 5
260 2967 715 3055 ablaqueanda
757 2981 875 3048 est,
923 2969 1106 3056 quod
1151 2991 1320 3055 opus
1362 2969 1705 3055 adapertas
1748 2968 2037 3034 ostendit
2080 2968 2357 3034 aestiuas
2400 2968 2723 3034 radiculas

258 3095 503 3161 easque
524 3074 819 3160 prudens
841 3075 1121 3161 agricola
1141 3073 1315 3140 ferro
1337 3075 1593 3142 cecidit.
1620 3097 1774 3141 nam
1796 3073 1853 3140 si
1874 3095 2104 3160 passus
2125 3086 2225 3140 est
2245 3073 2719 3155 conualescere,

333 3282 388 3334 7:
423 3285 524 3322 1-2
548 3267 760 3321 Pallad.
789 3267 962 3333 6,2‚2,·
988 3268 1092 3334 Gp.
1119 3269 1369 3332 5,28‚r-2

330 3356 388 3412 8:
416 3357 629 3411 Pauad.
658 3369 810 3422 rr,5,·
837 3357 941 3423 Gp.
968 3369 1093 3421 ,220
1128 3384 1167 3394 —
1202 3359 1377 3422 24-26
1400 3356 1611 3411 Pauad.
1637 3358 1729 3422 3,8

267 3500 715 3565 pampinabimus
753 3518 852 3553 om.
893 3501 985 3553 SA
1018 3527 1057 3537 —
1092 3516 1162 3554 20
1199 3501 1645 3566 pampinabimus
1681 3499 1828 3566 h¹bc
1866 3501 2311 3565 pampinauimus
2348 3499 2549 3566 h¹jmo
2579 3527 2618 3537 -
2653 3517 2716 3555 21

268 3586 628 3655 decerpemus
654 3588 865 3656 h’styu
892 3590 1265 3655 discerpemus
1292 3589 1442 3656 sup
1469 3590 1862 3654 deserpepmus
1888 3589 1956 3641 12²
1978 3607 2330 3655 excerpemus
2357 3606 2391 3655 ς
2414 3617 2451 3627 -
2472 3590 2601 3643 inde
2615 3588 2727 3654 ὶλσ

270 3701 306 3712 -
339 3694 409 3733 22
430 3680 729 3732 intr-actum
749 3679 841 3731 SA
873 3705 913 3715 —
949 3679 1139 3732 relicto
1157 3679 1399 3744 portauit
1419 3679 1510 3732 SA
1543 3706 1583 3716 -
1617 3679 1908 3731 conueniet
1929 3696 2026 3732 om.
2049 3679 2141 3731 SA
2172 3707 2211 3716 —
2246 3680 2314 3733 26
2335 3679 2506 3731 oculis
2525 3679 2617 3731 SA

338 3780 393 3832 7:
435 3785 457 3820 1
491 3785 556 3820 ea
581 3785 683 3820 om.
712 3767 827 3820 SA¹
860 3795 901 3805 -
936 3769 968 3821 8
996 3768 1200 3821 uulnus
1226 3767 1412 3833 smine
1439 3768 1640 3821 bolnus
1665 3768 1781 3820 s¹A
1805 3769 2005 3821 uolnus
2030 3767 2259 3833 hjmrn
2284 3785 2382 3820 om.
2413 3783 2453 3833 y
2485 3795 2524 3804 —
2557 3768 2723 3820 etism

269 3852 417 3909 Pom.
457 3869 514 3909 et
548 3857 696 3909 SAR
729 3884 768 3894 -
802 3857 1093 3910 inharescit
1128 3856 1290 3912 Ama
1323 3884 1361 3894 -
1396 3857 1469 3910 ita
1504 3869 1568 3910 ut
1602 3855 1707 3922 hjy
1740 3868 1835 3909 aut
1868 3857 1960 3910 SA
1994 3859 2067 3910 ita
2103 3857 2186 3909 λσ
2215 3884 2254 3894 -
2294 3873 2358 3910 10
2381 3857 2552 3910 dums
2574 3857 2724 3909 SA-

272 3943 474 3998 adiueri
503 3945 582 3999 A¹
615 3972 655 3982 —
695 3946 753 3998 id
891 3963 1098 3998 reseces
1131 3963 1229 3999 om.
1263 3946 1355 3998 SA
1388 3973 1427 3983 -
1467 3962 1529 4000 12
1564 3947 1662 4010 qui
1693 3958 1995 3999 nascuntur
2022 3947 2076 3999 R
2109 3973 2147 3983 -
2188 3962 2248 4011 15
2283 3947 2518 4011 eligendi
2548 3947 2652 3999 AR
2685 3973 2723 3983 -

274 4034 561 4087 tminiculo
583 4033 706 4101 δρα
731 4035 985 4087 anuiculo
1009 4050 1078 4086 m
1101 4036 1379 4088 anmiculo
1401 4050 1441 4100 y
1473 4062 1513 4072 —
1553 4036 1617 4088 16
1641 4037 1894 4088 recedere
1915 4036 1978 4089 S¹
2011 4063 2050 4072 —
2084 4036 2219 4089 bino
2242 4035 2323 4088 λυ
2347 4033 2542 4099 himoj
2579 4063 2618 4072 —
2658 4049 2720 4100 17

274 4122 526 4188 redigeris
558 4123 627 4176 8ι
661 4150 699 4160 -
735 4124 780 4175 is
812 4123 852 4176 S
883 4124 930 4176 si
960 4125 1013 4176 R
1044 4141 1142 4176 om.
1176 4124 1229 4176 A
1264 4151 1303 4162 -
1342 4125 1407 4177 18
1439 4125 1842 4177 recacuminare
1874 4125 1965 4178 SA
1998 4151 2037 4162 -
2070 4125 2130 4178 in
2160 4125 2433 4177 ceruicem
2463 4124 2550 4189 bp
2581 4125 2724 4178 inter

276 4208 439 4265 uitem
464 4211 658 4265 sni-¹
684 4212 743 4264 in
767 4213 980 4265 ceruice
997 4211 1022 4277 j
1051 4213 1193 4265 inter
1216 4214 1488 4266 cemicem
1515 4227 1660 4280 moy
1685 4215 1828 4267 inter
1850 4214 2122 4267 ceruicem
2145 4215 2318 4266 uitem
2343 4213 2375 4266 f
2392 4214 2664 4266 ceruicem
2688 4230 2722 4279 ς

277 4302 547 4354 oemicem
571 4302 746 4353 uitem
773 4315 814 4354 ο

343 4386 393 4441 8:
423 4408 446 4443 1
481 4401 568 4456 pr.
594 4388 873 4456 SAhbfye
906 4416 944 4426 -
981 4406 1010 4454 3
1037 4402 1164 4454 post
1191 4391 1324 4444 Idus
1349 4390 1609 4443 Octobris
1632 4408 1731 4444 om.
1756 4391 1832 4443 A’
1865 4418 1904 4428 —
1941 4407 1969 4456 5
1997 4391 2282 4455 adopertas
2305 4393 2358 4444 R
2392 4419 2430 4428 -
2465 4392 2498 4444 6
2522 4407 2724 4454 easque
