3109 5559
1176 339 1275 382 run
1323 338 1633 383 Rvsncu:
1679 339 1792 385 Lm.
1844 338 1862 380 1
1911 346 1956 378 c.
1997 340 2024 393 5
2644 341 2726 403 29

469 521 633 582 quae
709 500 831 563 nisi
905 500 971 561 ui
1018 462 1266 561 maiore
1324 499 1781 579 inspirantium
1832 512 2178 563 uentorum
2225 500 2723 575 submouentur,

470 607 842 688 pecudibus
888 604 1401 687 hominibusque
1448 606 1793 669 conserunt
1837 619 2117 689 pestem.
2210 608 2461 688 optime
2508 620 2783 688 autem5

467 715 861 788 salubribuS,
935 723 1008 775 ut
1076 713 1236 789 dixi,
1310 712 1472 775 locis
1543 714 1629 776 ad
1699 715 2022 777 orientem
2080 713 2185 778 uel
2232 716 2316 777 ad
2366 714 2724 789 meridiem,

469 823 785 903 grauibus
818 822 903 883 ad
936 821 1453 901 septentrionem
1488 819 1641 883 uilla
1673 823 2097 884 conuertitur.
2163 823 2534 903 eademque
2566 844 2728 886 sem·

420 958 446 1008 5
471 949 584 1009 per
641 948 830 991 mare
878 939 1055 990 recte
1101 928 1447 1007 conspicit,
1496 947 1645 990 cum
1694 927 1988 1008 pulsatur
2036 949 2113 991 ac
2161 928 2363 991 fluctu
2413 932 2728 1011 respergi·

472 1051 589 1111 tur,
640 1054 1007 1116 numquam
1055 1055 1143 1096 ex
1191 1036 1350 1114 ripa,
1399 1035 1518 1096 sed
1568 1034 1727 1097 haut
1777 1035 2042 1116 paulum
2090 1036 2400 1099 submota
2447 1057 2486 1099 a
2519 1037 2726 1101 litore.

472 1164 621 1206 nam
704 1152 995 1223 praestat
1064 1162 1103 1204 a
1171 1142 1333 1204 mari
1390 1140 1593 1222 longo
1642 1143 1861 1223 potius
1909 1143 2252 1206 interuallo
2299 1162 2495 1224 quam
2544 1145 2791 1208 breui6

468 1251 814 1331 refugisse,
886 1250 1041 1330 quia
1109 1249 1328 1311 media
1396 1260 1547 1311 sunt
1616 1251 1834 1331 spatia
1880 1252 2201 1331 grauioris
2249 1250 2507 1315 halitus
2606 1273 2726 1314 nec

470 1358 785 1439 paludem
827 1357 1098 1438 quidem
1139 1357 1421 1419 uicinam
1455 1375 1603 1419 esse
1635 1368 1901 1437 oportet
1934 1357 2250 1421 aedificiis
2282 1377 2403 1419 nec
2436 1358 2724 1422 iunctam

392 1496 451 1533 ιο
470 1467 817 1531 militarem
891 1467 1086 1540 uiam,
1156 1466 1334 1546 quod
1392 1463 1503 1526 illa
1549 1463 1879 1527 caloribus
1928 1466 2199 1528 noxium
2251 1468 2426 1529 uirus
2473 1476 2728 1529 eructat

469 1585 533 1637 et
578 1574 842 1636 infestis
888 1572 1135 1635 aculeis
1180 1582 1432 1634 armata
1479 1572 1693 1653 gignit
1741 1571 2066 1647 animalia,
2110 1593 2281 1654 quae
2315 1575 2378 1636 in
2416 1595 2537 1636 nos
2569 1575 2726 1636 den·

467 1683 748 1744 sissimis
817 1679 1232 1745 examinibus
1300 1678 1618 1753 inuolant,
1691 1690 1830 1741 tum
1878 1680 2077 1742 etiam
2125 1682 2419 1743 nantium
2468 1701 2727 1763 serpen·

469 1790 767 1870 tiumque
817 1787 1022 1869 pestis
1072 1786 1345 1849 hiberna
1392 1786 1744 1849 destitutas
1792 1785 2055 1866 uligine,
2099 1806 2309 1850 caeno
2352 1798 2418 1851 et
2450 1787 2726 1850 fermen-

470 1907 606 1957 tata
640 1894 925 1958 colluuie
960 1904 1321 1956 uenenatas
1361 1894 1620 1964 emittit,
1653 1914 1740 1956 ex
1764 1893 2002 1974 quibus
2026 1914 2231 1975 saepe
2255 1896 2729 1958 contrahuntur

393 2032 447 2082 ¹5
469 2004 655 2065 caeci
723 2002 957 2076 morbi,
1007 2020 1287 2082 quorum
1336 2019 1572 2062 causas
1619 2019 1702 2061 ne
1752 2000 1987 2063 medici
2037 2002 2301 2082 quidem
2353 2003 2726 2083 perspicere

469 2121 744 2190 queunt,
793 2110 913 2172 sed
962 2120 1028 2170 et
1077 2108 1229 2170 anni
1276 2117 1421 2170 toto
1468 2118 1769 2187 tempore
1814 2108 1978 2170 situs
2023 2119 2221 2188 atque
2270 2129 2460 2171 umor
2498 2110 2727 2171 instru-

469 2230 767 2279 mentum
836 2217 1147 2278 rusticum
1204 2213 1814 2295 supellectilemque
1861 2224 1929 2277 et
1975 2215 2353 2278 inconditos
2398 2216 2726 2279 conditos·

469 2344 600 2405 que
673 2323 922 2386 fructus
993 2323 1386 2403 corrumpit;
1458 2321 1623 2384 haec
1689 2332 1908 2383 autem
1982 2323 2531 2403 praetereuntium
2599 2324 2723 2385 uia·
2750 2339 2784 2402 7

470 2444 689 2494 torum
763 2428 1303 2511 populationibus
1371 2439 1438 2490 et
1506 2427 1804 2491 adsiduis
1873 2428 2354 2491 deuertentium
2424 2430 2729 2511 hospitiis

388 2538 741 2605 zoinfestat
811 2557 948 2600 rem
1023 2536 1425 2599 familiarem.
1522 2545 1794 2617 propter
1839 2555 2010 2616 quae
2058 2555 2303 2598 censeo
2359 2537 2501 2599 eius
2549 2539 2726 2599 modi

472 2647 682 2708 uitare
754 2644 1180 2707 incommoda
1237 2641 1588 2723 uillamque
1647 2662 1769 2704 nec
1817 2642 1881 2703 in
1931 2643 2040 2704 uia
2088 2662 2210 2705 nec
2259 2664 2297 2706 a
2346 2645 2453 2707 uia
2501 2644 2728 2725 procul

467 2753 751 2815 editiore
807 2752 936 2813 situ
983 2752 1291 2825 condere,
1342 2751 1435 2812 sic
1484 2758 1554 2811 ut
1604 2748 1786 2810 frons
1831 2750 1971 2811 eius
2019 2749 2103 2811 ad
2152 2751 2469 2813 orientem
2518 2754 2730 2831 aequi·

466 2858 825 2922 noctialem
856 2859 1107 2921 directa
1138 2858 1240 2919 sit.
1279 2876 1431 2919 nam
1456 2857 1599 2919 eius
1631 2857 1807 2918 modi
1838 2857 2080 2935 positio
2102 2858 2389 2919 medium
2413 2869 2732 2937 tempera·
2753 2863 2789 2919 8

466 2979 744 3047 tumque
770 2965 1233 3028 libramentum
1260 2975 1609 3026 uentorum
1635 2963 2010 3027 hiemalium
2025 2975 2093 3027 et
2115 2966 2511 3028 aestiuorum
2528 2976 2726 3027 tenet.

381 3102 441 3154 25
464 3086 854 3155 quantoque
877 3072 1069 3134 suerit
1089 3071 1365 3134 aedificii
1388 3071 1601 3133 solum
1626 3072 1895 3152 pronius
1915 3072 2169 3147 orienti,
2186 3083 2372 3134 tanto
2396 3082 2465 3134 et
2479 3083 2730 3135 aestate

464 3181 740 3243 liberius
771 3200 1011 3261 capere
1045 3159 1358 3260 perflatus
1391 3189 1459 3239 et
1490 3178 1724 3240 hiemis
1757 3177 2063 3260 procellis
2095 3180 2310 3241 minus
2342 3178 2631 3241 infestari
2666 3190 2731 3240 et

466 3288 798 3350 matutino
826 3286 1098 3367 regelari
1118 3296 1265 3348 ortu
1288 3286 1550 3366 poterit,
1572 3295 1638 3347 ut
1660 3286 1950 3348 concreti
1972 3306 2151 3348 rores
2172 3285 2555 3367 liquescant,
2576 3307 2729 3366 quo·

656 3445 677 3478 1
723 3436 1119 3479 summoneatur
1144 3433 1187 3478 Β
1224 3429 1421 3492 aliquot
1563 3444 1595 3490 3
1636 3431 1701 3477 ab
1741 3428 1944 3477 oriente
1978 3431 2013 3477 S
2050 3430 2103 3484 (d
2141 3444 2183 3478 s.
2223 3431 2256 3477 b
2295 3446 2366 3477 m.
2405 3429 2520 3485 rec.)
2549 3438 2584 3478 A

462 3521 528 3568 ad
569 3524 696 3567 ante
718 3519 985 3568 meridiem
1012 3486 1116 3566 8η.
1134 3520 1169 3566 S
1191 3517 1250 3574 (s.
1279 3535 1330 3566 u.
1358 3516 1481 3566 add.
1509 3534 1580 3565 m.
1608 3517 1778 3575 rec.)A
1925 3536 1954 3577 4
1984 3518 2407 3579 septemtrionem
2430 3520 2469 3566 A
2616 3533 2646 3578 5
2668 3535 2727 3566 ac

463 3611 632 3657 fluctu
660 3609 711 3657 Β
736 3625 766 3656 ι
789 3609 952 3657 fluctu
972 3610 1006 3657 S
1030 3606 1079 3667 (c
1104 3623 1147 3656 s.
1173 3624 1224 3655 u.
1248 3606 1368 3655 add.
1391 3623 1461 3655 m.
1483 3605 1599 3661 rec.)
1619 3609 1658 3655 A
1780 3609 1814 3655 6
1833 3608 1971 3655 haud
1994 3609 2047 3656 in
2070 3623 2240 3671 marg.
2263 3611 2296 3656 d
2316 3614 2404 3656 aut
2423 3606 2569 3656 snb
2589 3608 2726 3656 haud

460 3705 552 3747 aut
578 3699 615 3747 u
645 3713 743 3745 nec
762 3712 797 3758 p
817 3713 922 3745 om.
943 3702 986 3747 Β
1131 3698 1394 3757 paululum
1423 3701 1466 3746 Β
1484 3697 1709 3760 plerique
1839 3704 2099 3746 summota
2124 3698 2246 3746 SAR
2369 3697 2544 3745 littore
2563 3698 2608 3745 Β

460 3791 494 3836 8
520 3787 786 3850 grauioris
806 3784 899 3843 (ris
924 3789 978 3834 in
1005 3786 1179 3844 ras->8
1320 3802 1417 3834 nec
1437 3787 1483 3836 Β
1508 3802 1575 3835 ne
1595 3789 1666 3835 SA
1810 3801 1845 3846 9
1872 3785 2076 3846 quidem
2106 3801 2209 3833 om.
2229 3788 2268 3834 A
2402 3786 2502 3834 uici
2529 3785 2596 3833 ηῗι
2624 3782 2723 3846 (am

461 3876 634 3925 adscr.
676 3891 747 3923 m.
787 3876 900 3934 rec.)
918 3878 957 3924 A
1112 3891 1174 3924 10
1213 3876 1337 3925 uiris
1362 3874 1415 3933 (u
1440 3891 1482 3924 s.
1513 3877 1600 3923 alt.
1627 3875 1642 3923 i
1669 3893 1738 3923 m.
1767 3875 1881 3927 rec.)
1905 3878 1944 3924 A
2095 3885 2156 3935 13
2185 3875 2348 3935 pestis
2377 3876 2446 3922 ιδ
2471 3879 2586 3922 uere.
2614 3875 2723 3921 edd.

458 3973 647 4028 pestes
673 3966 795 4015 sm
940 3965 1201 4015 distitutas
1222 3961 1317 4026 llll
1337 3965 1527 4027 uligine
1564 3968 1599 4014 S
1623 3964 1867 4013 destituta
1894 3964 2115 4026 suligine
2142 3966 2181 4012 A
2333 3978 2396 4022 19
2429 3964 2655 4012 assiduis
2681 3965 2726 4012 Β

454 4058 689 4120 plerique
794 4055 1162 4104 diuertentium
1183 4056 1229 4105 Β
1247 4056 1445 4120 aliquot
1570 4068 1632 4101 ει
1659 4069 1754 4101 nec
1782 4053 1896 4101 auia
1923 4054 2104 4114 procul
2131 4047 2252 4112 «ΡΨ,
2278 4068 2374 4100 nec
2402 4053 2516 4100 auia
2543 4040 2722 4113 procu¹

457 4146 577 4194 anie
616 4158 651 4194 e
693 4159 788 4193 nec
828 4145 927 4194 alia
965 4146 1147 4205 procul
1167 4146 1287 4194 ΒΔΒ
1430 4158 1497 4203 23
1525 4143 1736 4191 derecta
1765 4144 1845 4190 Aa
1868 4147 1914 4189 et
1938 4158 2007 4189 m.
2037 4141 2124 4189 alt.
2153 4143 2207 4188 in
2233 4143 2267 4190 8
2413 4156 2481 4202 25
2509 4142 2725 4205 edificiis

458 4233 607 4283 SAnb
761 4240 915 4283 aetate
954 4236 993 4282 A
1033 4240 1201 4283 aetate
1246 4228 1294 4294 (s
1330 4249 1399 4281 ss.
1440 4249 1510 4280 m.
1549 4227 1669 4292 net.)
1704 4233 1738 4280 8
1776 4238 1914 4280 etate
1950 4227 2043 4291 ‹1¹1›
2191 4246 2256 4290 27
2296 4231 2512 4279 recelari
2539 4230 2585 4287 (c
2615 4234 2668 4279 in
2696 4248 2722 4289 ς

455 4328 637 4387 postea
682 4322 831 4384 mut.)
866 4325 901 4371 S
1047 4323 1394 4372 contretiores
1429 4318 1476 4380 (r
1513 4330 1625 4384 sup.
1666 4322 1754 4368 alt.
1794 4336 1843 4368 o.
1881 4337 1974 4368 scr.
2014 4337 2084 4368 m.
2125 4320 2238 4377 rec.)
2274 4322 2313 4368 A
