3109 5559
393 391 458 427 10

393 923 453 971 ¹5

388 1995 454 2045 25

386 2527 457 2576 30

504 75 585 162 58
716 76 795 144 L.
830 76 983 144 Iuni
1012 77 1347 145 Moderati
1376 77 1782 146 Columellae

507 253 831 321 delectant
853 255 1194 342 inpensius
1216 278 1310 335 ea,
1338 277 1506 343 quae
1531 256 1815 342 propriis
1837 256 2187 343 generibus
2211 256 2728 343 distinguuntur,
2760 279 2973 344 quam

502 382 670 447 quae
725 360 969 446 passim
1022 362 1207 429 uelut
1260 361 1511 429 abiecta
1565 376 1631 430 et
1685 363 1977 450 quodam
2030 385 2265 430 aceruo
2320 363 2595 430 confusa
2648 378 2835 443 sunt;
2922 384 2971 446 3

504 466 763 546 deinde,
821 467 1004 554 quod
1058 467 1166 534 uel
1219 468 1656 535 alienissimus
1710 469 1987 535 rusticae
2043 468 2236 549 uitae,
2295 469 2351 535 si
2405 469 2478 535 in
2516 491 2752 555 agrum
2794 484 2971 537 tem-

505 573 758 660 pestiue
796 575 1037 654 ueniat,
1078 597 1339 640 summa
1374 597 1529 642 cum
1567 576 1907 662 uoluptate
1945 590 2213 643 naturae
2250 575 2724 662 benignitatem
2764 577 2970 642 mire·

504 693 634 759 tur,
657 701 812 747 cum
834 682 1186 769 <i>stinc[i]
1207 682 1529 748 Bituricae
1548 682 1877 749 fructibus
1895 682 2156 768 opimis,
2178 683 2420 762 hi<n>c
2439 682 2708 768 paribus
2728 683 2969 749 heluo-

506 786 682 867 <lae>
717 788 1137 873 roepondent,
1172 788 1351 855 illinc
1381 788 1786 869 arcelac<ae>
1820 790 2024 869 uisus,
2058 790 2238 857 illinc
2268 790 2561 875 spioniae
2593 788 2969 857 baliscaeue

501 907 908 974 conuertant,
944 894 1188 982 quibus
1219 895 1388 961 alma
1418 896 1614 962 tellus
1645 918 1863 962 annua
1892 897 2037 963 uice
2069 897 2253 963 uelut
2288 902 2632 976 <aet>erno
2665 896 2968 982 quodam

501 1001 850 1087 puerperio
879 1001 1043 1068 laeta
1069 1001 1542 1081 mort<al>ibus
1571 1003 1857 1069 distenta
1882 1017 2101 1069 musto
2131 1002 2500 1082 demit<tit>
2532 1002 2755 1082 ubera,
2791 1001 2968 1068 inter

502 1128 690 1192 quae,
742 1121 924 1192 patre
973 1107 1236 1174 fauente
1286 1107 1531 1174 Libero
1579 1108 1731 1175 fetis
1777 1108 2161 1195 palmitibus
2209 1109 2317 1175 uel
2365 1109 2622 1195 generis
2670 1108 2805 1174 albi
2857 1107 2968 1174 uel

500 1211 804 1279 flauentis
829 1235 905 1280 ac
930 1214 1108 1280 rutili
1134 1215 1241 1280 uel
1268 1236 1605 1301 purpureo
1631 1215 1842 1281 nitore
1870 1215 2191 1295 micantis,
2221 1215 2518 1302 undique
2545 1214 2965 1281 uersicolori·

503 1327 629 1394 bus
660 1328 877 1414 pomis
905 1329 1218 1415 grauidus
1247 1330 1549 1396 conlucet
1575 1331 1978 1396 Autumnus.

585 1454 628 1517 4
668 1434 801 1501 Sed
844 1434 1003 1502 haec
1045 1436 1351 1522 quamuis
1391 1436 1756 1522 plurimum
1799 1436 2143 1517 delectent,
2189 1437 2433 1503 utilitas
2474 1451 2697 1503 tamen
2738 1435 2957 1502 uincit

501 1541 931 1627 uoluptatem.
959 1563 1114 1608 nam
1138 1554 1204 1608 et
1227 1556 1411 1628 pater
1434 1542 1717 1609 familiae
1742 1542 2053 1609 libentius
2077 1543 2161 1609 ad
2186 1543 2636 1629 spectaculum
2661 1543 2753 1609 rei
2779 1563 2960 1619 suae,

502 1661 749 1734 quanto
775 1662 876 1714 oet
897 1670 974 1715 ea
998 1648 1408 1728 luculentior,
1438 1648 1798 1728 descendit,
1825 1663 1911 1729 et,
1941 1649 2123 1736 quod
2149 1649 2232 1716 de
2257 1671 2441 1716 sacro
2465 1649 2738 1715 numine
2764 1662 2962 1736 poeta

503 1754 682 1821 dicit:

677 1874 752 1927 et
793 1882 1290 1949 quocumque
1331 1861 1523 1928 deus
1563 1862 1861 1929 circum
1900 1876 2136 1948 caput
2175 1863 2335 1949 egit
2376 1861 2816 1940 honestum,

502 1989 661 2034 uero
704 1989 1126 2055 quocumque
1155 1968 1409 2034 domini
1435 1969 1879 2054 praesenti<a>
1909 1981 1975 2035 et
2001 1968 2176 2035 oculi
2202 1968 2582 2056 frequenter
2609 1988 2956 2044 accessere,

501 2073 571 2149 in
601 2095 676 2140 ea
720 2087 902 2159 parte
934 2074 1248 2140 maiorem
1279 2074 1349 2140 in
1381 2074 1659 2141 modum
1689 2074 1945 2141 fructus
1975 2074 2306 2142 exuberat.
2340 2075 2458 2141 sed
2488 2075 2723 2141 omitto
2756 2071 2956 2149 istud,

504 2180 686 2266 quod
730 2180 1131 2266 indiscriptis
1173 2181 1370 2247 etiam
1414 2180 1665 2247 uitibus
1707 2181 2086 2268 contingere
2130 2195 2367 2267 potest;
2413 2180 2541 2261 illa,
2590 2203 2758 2268 quae
2802 2189 2959 2245 sunt

502 2286 784 2352 maxime
811 2286 1185 2372 spectanda,
1214 2309 1589 2374 persequar.
1675 2305 1723 2369 5
1766 2288 2061 2354 diuersae
2088 2300 2280 2353 notae
2306 2287 2543 2373 stirpes
2569 2308 2692 2353 nec
2717 2285 2959 2371 pariter

502 2391 940 2459 deflorescunt
978 2414 1100 2459 nec
1137 2392 1221 2458 ad
1259 2394 1703 2460 maturitatem
1740 2394 1938 2460 simul
1976 2393 2390 2480 perueniunt.
2434 2416 2637 2480 quam
2673 2391 2762 2458 ob
2801 2412 2954 2457 cau·

500 2520 661 2578 sam,
698 2498 814 2584 qui
846 2512 1139 2584 separata
1170 2499 1520 2585 generibus
1552 2500 1777 2566 uineta
1807 2523 1941 2567 non
1975 2498 2192 2580 habet,
2228 2500 2513 2585 patiatur
2545 2499 2823 2565 alterum
2856 2498 2954 2562 in·

501 2605 930 2671 commodum
954 2627 1217 2672 necesse
1241 2618 1359 2686 est,
1387 2620 1462 2672 ut
1486 2621 1599 2673 aut
1621 2606 1915 2673 fructum
1942 2605 2383 2685 <serotinum>
2410 2627 2566 2672 cum
2590 2623 2955 2691 praecoque

502 2711 689 2798 legat,
733 2734 900 2799 quae
940 2734 1042 2778 res
1081 2735 1236 2778 mox
1273 2734 1532 2779 acorem
1571 2712 1746 2792 facit,
1788 2726 1920 2793 aut,
1962 2713 2018 2778 si
2056 2713 2500 2779 maturitatem
2538 2712 2807 2778 serotini
2845 2732 2953 2776 ex·

503 2832 739 2903 pectet,
771 2819 1025 2885 amittat
1053 2818 1458 2884 uindemiam
1486 2841 1945 2906 praecoquem,
1981 2824 2228 2906 <quae>
2259 2819 2649 2905 plerumque
2677 2816 2951 2904 popula-

505 2923 798 2991 tionibus
827 2925 1176 2991 uolucrum
1207 2925 1584 3013 pluuiisque
1615 2939 1728 2992 aut
1758 2926 1974 2991 uentis
2005 2925 2300 2992 lacessita
2329 2923 2659 2990 dilabitur.

501 3091 879 3155 distinguntur
919 3090 1154 3158 SAMpa
1194 3091 1582 3157 destinguntur
1613 3091 1638 3157 j
1675 3119 1713 3129 -
1754 3109 1819 3145 10
1859 3092 2143 3156 quondam
2182 3092 2274 3144 SA
2306 3118 2345 3128 -
2386 3109 2442 3144 11
2491 3091 2695 3144 uiuitae
2736 3091 2777 3144 S
2810 3116 2849 3127 -
2888 3103 2947 3141 12

502 3180 786 3232 uoluntate
827 3181 955 3246 Apa
997 3182 1338 3245 uolumptate
1381 3197 1421 3246 y
1468 3208 1506 3218 -
1562 3198 1622 3245 13
1668 3182 1830 3234 istinc
1867 3181 1935 3246 ρ’
1972 3182 2138 3246 stingi
2166 3181 2309 3233 SAR
2342 3207 2381 3217 -
2415 3180 2595 3244 opinis
2624 3179 2716 3232 SA
2749 3206 2788 3216 -
2822 3179 2946 3231 hinc

497 3269 624 3321 Αἶά.
648 3270 738 3322 hic
756 3270 899 3322 SAR
931 3296 970 3306 -
1004 3270 1252 3322 heluolae
1267 3269 1394 3323 Ala.
1415 3270 1581 3323 heluo
1599 3269 1861 3335 sumo
1878 3271 2004 3323 eluo
2015 3269 2064 3335 Ρ
2100 3296 2139 3307 -
2179 3286 2244 3334 14
2261 3270 2529 3321 arcelacae
2548 3276 2572 3321 t
2590 3269 2796 3321 arcelac
2813 3265 2950 3321 SAR

499 3384 537 3394 -
572 3359 726 3411 uisus
752 3360 875 3410 Ber.
903 3376 1063 3411 ursus
1089 3358 1232 3410 SAR
1255 3358 1375 3411 uide
1398 3359 1517 3411 diss.
1540 3369 1634 3424 pp.
1664 3359 1767 3420 156
1793 3376 1897 3423 sqq.
1935 3386 1973 3396 -·
2007 3359 2232 3423 spionae
2255 3359 2360 3410 AR
2393 3384 2432 3394 -
2465 3358 2770 3410 baliscaeue
2796 3352 2949 3409 Sobel

495 3457 551 3511 p.
594 3447 661 3508 63
701 3447 1005 3499 ualiscaeue
1041 3447 1184 3500 SAR
1217 3474 1255 3484 -
1296 3462 1356 3512 ις
1397 3448 1560 3501 annia
1596 3448 1672 3500 A¹
1706 3475 1744 3485 -
1779 3449 1932 3500 uelut
1971 3459 2191 3501 aeterno
2227 3461 2271 3514 γ
2307 3448 2595 3500 ueluterno
2631 3447 2774 3499 SAR
2807 3472 2847 3482 -
2887 3442 2945 3496 16

501 3537 698 3588 laetam
738 3536 841 3588 AR
874 3563 913 3573 -
947 3537 1269 3589 mortalibus
1311 3550 1355 3603 γ
1395 3537 1589 3589 mortis
1630 3537 1670 3589 S
1710 3537 1923 3589 ortibus
1964 3537 2038 3589 A²
2081 3537 2332 3589 hortibus
2374 3536 2502 3589 A’R
2536 3563 2574 3573 -
2609 3536 2847 3588 distenta
2887 3530 2947 3585 S’

501 3625 643 3678 dista
673 3625 839 3678 S¹AR
873 3652 911 3662 -
946 3625 1184 3677 demittit
1216 3639 1260 3692 γ
1290 3625 1464 3679 demit
1494 3626 1638 3678 SAR
1672 3652 1710 3662 —
1751 3639 1813 3690 17
1846 3637 2000 3690 patre
2032 3625 2095 3678 S’
2126 3637 2252 3689 pate
2284 3625 2421 3677 S¹A¹
2454 3642 2552 3678 om.
2587 3624 2715 3677 A¹R
2750 3650 2790 3660 -
2823 3621 2946 3675 fetis

495 3714 622 3766 Alei.
652 3714 793 3778 petis
819 3714 962 3766 SAR
996 3741 1034 3751 -
1068 3715 1178 3767 alui
1204 3714 1370 3767 S¹AR
1404 3741 1443 3751 -
1483 3731 1546 3779 19
1574 3715 1826 3767 conlucet
1852 3714 1915 3767 S’
1941 3715 2189 3767 conlocet
2215 3714 2382 3766 S¹AR
2415 3740 2454 3750 -
2489 3729 2559 3767 2ο
2585 3713 2859 3778 plurimus
2887 3709 2944 3763 8ι

498 3830 537 3840 -
571 3804 965 3856 delectantAR
998 3830 1036 3840 -
1071 3819 1134 3857 21
1161 3804 1502 3856 uoluntatem
1520 3804 1596 3856 A¹
1629 3830 1668 3840 -
1703 3820 1769 3868 25
1791 3804 2148 3868 praesentiae
2166 3803 2437 3867 praesenti
2456 3802 2599 3855 SAR
2632 3828 2671 3839 -
2706 3817 2945 3854 accerse-

500 3910 558 3945 re
598 3891 738 3958 hjpy
778 3909 1044 3945 arcersere
1086 3892 1128 3944 λ
1169 3909 1445 3945 accercere
1486 3906 1525 3945 a
1559 3919 1598 3929 —
1633 3894 1701 3945 26
1743 3893 1875 3945 istut
1917 3892 1979 3945 S¹
2021 3892 2157 3944 illud
2199 3892 2302 3944 AR
2336 3918 2374 3928 -
2408 3891 2743 3955 indiscriptis
2792 3890 2938 3943 Thes.

500 3994 810 4045 7:1,1204,7
844 3998 943 4045 sqq.
975 3981 1319 4046 indescriptis
1347 3982 1490 4034 SAR
1523 4008 1563 4018 -
1597 3982 1665 4034 28
1694 3994 1855 4034 notae
1882 3983 2078 4045 stirpes
2106 3981 2185 4033 ed.
2211 3991 2295 4045 pr.
2327 3992 2487 4033 notae
2515 3992 2645 4033 sunt
2674 3980 2871 4044 stirpes
2902 3977 2938 4030 S

499 4082 631 4123 nota
662 4071 845 4134 (notae
876 4070 968 4133 m)
1000 4082 1081 4122 est
1114 4070 1257 4135 ripes
1286 4071 1391 4122 AR
1424 4097 1463 4107 -
1497 4087 1567 4134 29
1597 4071 1912 4123 maturitem
1941 4070 2004 4122 S¹
2040 4097 2078 4107 -
2112 4086 2221 4135 qua
2251 4069 2314 4122 8ι
2347 4095 2387 4106 -
2422 4086 2491 4134 30
2520 4080 2829 4133 separatam
2861 4066 2946 4120 SA

498 4171 744 4224 separata
766 4160 824 4212 in
846 4157 891 4210 h
923 4186 962 4196 -
998 4176 1060 4224 31
1089 4160 1392 4212 serotinum
1413 4160 1613 4223 addidi,
1639 4177 1737 4212 om.
1763 4160 1906 4212 SAR
1926 4159 2046 4212 uide
2067 4159 2187 4211 diss.
2208 4169 2299 4223 pp.
2327 4171 2430 4220 125
2453 4175 2524 4223 sq.
2564 4185 2602 4195 -
2636 4171 2944 4222 praecoque

499 4249 641 4313 legat
660 4249 841 4313 scripsi
859 4249 1311 4313 precoquaelebat
1331 4249 1423 4302 SA
1442 4266 1718 4314 precoque
1739 4250 1915 4301 elebat
1934 4247 2062 4299 Ιιλσ
2079 4264 2316 4312 precope
2337 4246 2552 4312 eledatj
2574 4247 2694 4300 uide
2715 4247 2837 4299 diss.
2856 4255 2943 4310 pp.

498 4349 604 4399 125
626 4354 697 4401 sq.
736 4364 774 4374 -
810 4354 877 4402 32
902 4348 1149 4401 expectet
1170 4351 1258 4404 ιιγ
1279 4349 1529 4402 expectes
1551 4338 1695 4390 SAR
1728 4364 1766 4374 -
1803 4354 1867 4401 33
1893 4337 2173 4389 uindemia
2191 4335 2347 4402 Αὶλσ
2376 4363 2415 4373 -
2450 4353 2591 4401 quae
2614 4336 2737 4388 add.
2763 4335 2946 4399 capr..

501 4442 599 4477 om,
646 4426 789 4478 SAR
822 4453 860 4463 -
896 4442 966 4490 34
1009 4426 1252 4479 lacessita
1297 4426 1372 4490 Sc
1416 4427 1688 4480 lascessita
1732 4427 1785 4479 A
1828 4427 2067 4479 lascessit
2111 4424 2353 4491 hjbfrya
2396 4426 2609 4478 lacessit
2657 4424 2771 4477 mxi
2804 4450 2842 4461 -
2878 4437 2945 4487 35

542 4758 3092 5208 J—
