3109 5559
477 81 563 147 60
690 80 770 147 L.
805 79 958 146 Iuni
987 78 1321 146 Moderati
1352 77 1758 145 Columellae

365 273 432 336 65
481 257 635 324 dere
667 279 743 324 ac
774 256 1124 342 separatim
1156 277 1492 343 reponere,
1527 255 1670 322 siue
1700 270 1800 322 est
1832 255 1939 322 ille
1970 256 2299 323 Bituricus
2330 257 2472 324 siue
2505 257 2797 324 baliscus
2831 280 2955 324 seu

481 363 798 450 spionius.
843 385 1011 450 quae
1050 384 1308 449 genera,
1351 384 1508 429 cum
1546 361 1642 428 sic
1683 361 1921 428 diffusa
1958 376 2135 442 sunt,
2178 363 2336 449 quia
2375 363 2545 429 nihil
2579 364 2957 431 interuenit

482 471 778 537 diuersae
819 483 1108 549 naturae,
1152 469 1337 556 quod
1376 483 1700 555 repugnet
1738 467 2178 555 perpetuitati,
2222 469 2675 550 nobilitantur;
2717 493 2954 558 neque

480 577 660 643 enim
686 590 840 663 post
864 598 1070 643 annos
1097 574 1479 663 quindecim
1505 575 1613 641 uel
1639 575 1837 661 paulo
1863 574 2072 661 pluris
2098 575 2419 662 deprendi
2445 577 2656 662 possit
2680 577 2956 663 ignobi-

482 683 627 750 litas
660 683 730 749 in
763 696 981 769 gustu,
1019 681 1335 770 quoniam
1366 681 1503 748 fere
1535 703 1735 748 omne
1767 681 2004 748 uinum
2035 704 2183 748 eam
2214 683 2599 768 qualitatem
2631 684 2957 751 sortitum

366 818 437 869 70
480 802 598 870 est,
632 802 708 856 ut
737 801 1063 856 uetustate
1094 788 1387 875 acquirat
1417 787 1804 854 bonitatem.

568 918 651 960 ιι
696 895 937 976 Quare,
973 909 1051 962 ut
1082 895 1298 961 dicere
1332 894 1758 974 instituimus,
1795 895 2140 961 utilissima
2172 910 2273 963 oet
2303 917 2623 982 generum
2657 897 2953 984 disposi-

479 1003 594 1083 tio,
626 1024 829 1090 quam
855 1002 913 1069 si
938 1016 1160 1069 tamen
1187 1001 1485 1088 optinere
1504 1024 1642 1068 non
1660 1001 1892 1088 possis,
1915 1002 2203 1069 secunda
2222 1016 2322 1069 est
2339 1002 2525 1082 ratio,
2546 1017 2626 1070 ut
2644 1003 2954 1070 diuersae

484 1123 677 1176 notae
728 1130 865 1175 non
915 1108 1070 1174 alias
1120 1129 1422 1175 conseras
1471 1107 1647 1188 uitia,
1701 1129 1905 1194 quam
1954 1130 2122 1195 quae
2173 1129 2478 1195 saporem
2520 1109 2954 1176 consimilem

486 1215 910 1302 fructumque
957 1214 1347 1281 maturitatis
1391 1214 1691 1281 eiusdem
1735 1213 2109 1301 praebeant.
2158 1215 2452 1302 poss<is>
2500 1216 2720 1296 etiam,
2771 1217 2831 1283 si
2882 1231 2951 1283 te

368 1349 436 1401 75
484 1344 641 1389 cura
686 1344 1041 1409 pomorum
1087 1333 1330 1408 tangat,
1380 1320 1632 1388 ultimis
1678 1320 2024 1388 ordinibus
2070 1320 2141 1388 in
2187 1343 2265 1387 ea
2310 1320 2442 1388 fine
2491 1321 2719 1402 uineti,
2773 1344 2952 1409 quae

482 1428 776 1496 subiacet
798 1427 1375 1514 septentrionibus,
1401 1450 1504 1507 ne,
1530 1450 1686 1494 cum
1707 1428 2124 1508 increuerim,
2149 1428 2573 1507 obumbrent,
2597 1430 2951 1496 cacumina

480 1534 761 1602 ficorum
796 1535 1179 1622 pirorumue
1214 1549 1281 1601 et
1316 1535 1643 1602 malorum
1679 1535 2067 1621 depangere,
2107 1557 2277 1623 quae
2312 1535 2474 1602 uel
2455 1557 2702 1602 mseras
2738 1536 2949 1603 inter·

481 1642 698 1729 posito
729 1641 955 1708 bienni
985 1642 1197 1728 spatio
1228 1641 1355 1721 uel,
1389 1640 1446 1706 si
1474 1662 1791 1727 generosa
1818 1642 1971 1720 sint,
2004 1641 2229 1708 adulta
2255 1641 2626 1709 transferas.

567 1748 907 1815 Hactenus
943 1748 1026 1815 de
1062 1748 1386 1834 positione
1422 1747 1788 1814 uinearum.
1827 1762 2127 1834 superest
2160 1770 2311 1835 pars
2347 1748 2830 1835 antiquissima,
2870 1762 2950 1815 ut

365 1869 437 1921 80
480 1855 958 1942 praecipiamus
1003 1854 1203 1921 etiam
1247 1854 1464 1921 cultus
1510 1876 1758 1934 earuQ
1810 1854 1894 1921 de
1939 1854 2185 1940 quibus
2231 1868 2548 1942 sequente
2595 1855 2945 1922 uolumine

480 1960 784 2049 pluribus
828 1962 1243 2029 disseremus.

479 2153 817 2221 Afflij
837 2156 1120 2208 uasiliscus
1141 2154 1209 2207 h*
1230 2155 1485 2209 basilicus
1507 2155 1564 2207 r¹
1586 2155 1861 2209 basilistus
1883 2171 1923 2220 y
1957 2182 1996 2192 -
2030 2156 2099 2208 66
2121 2155 2368 2221 spionius
2390 2155 2514 2209 Ber.
2540 2156 2819 2220 spiniosus
2841 2155 2936 2209 SA

480 2245 735 2309 spinosus
759 2245 813 2296 R
845 2271 884 2281 -
918 2261 1044 2310 gera
1068 2243 1206 2297 s¹A²
1239 2271 1278 2281 -
1312 2246 1382 2309 67
1407 2244 1758 2309 perpetuitati
1785 2244 1946 2297 Schn.
1972 2256 2233 2310 perpetus
2259 2245 2545 2310 (perpotus
2569 2258 2605 2311 ρ
2629 2256 2935 2311 perpetuus

483 2333 544 2396 ο)
581 2345 765 2386 tamen
800 2333 942 2386 SAR
976 2360 1014 2370 -
1048 2334 1117 2386 68
1153 2333 1394 2397 dependi
1428 2333 1595 2386 S¹AR
1629 2360 1668 2370 -
1701 2347 1771 2398 70
1806 2333 2050 2398 acquirat
2076 2333 2259 2400 jbpea
2293 2333 2531 2398 atquirat
2565 2333 2605 2386 S
2640 2334 2823 2398 quirat
2860 2331 2935 2385 Αι

482 2422 734 2486 adquirat
757 2421 968 2487 A¹mfy
1001 2449 1040 2459 -
1073 2436 1139 2487 73
1167 2439 1418 2475 conseras
1442 2437 1521 2488 pc
1545 2422 1785 2475 conseris
1808 2423 1951 2475 SAR
1985 2449 2024 2459 —
2058 2436 2129 2487 74
2150 2423 2328 2487 possis
2353 2422 2519 2475 etiam
2541 2423 2724 2488 scripsi
2745 2432 2933 2488 posset

483 2511 2928 2576 iamSAR-77uelimserasS-79bactenusShaecAR-positionemA-81

476 2610 722 2666 postu-r..-
747 2601 813 2653 L.
840 2601 1002 2665 (liber
1022 2599 1140 2663 Ah)
1167 2601 1294 2653 Iuni
1318 2599 1596 2653 Moderati
1621 2600 1959 2654 Columellae
1982 2601 2061 2653 rei
2084 2600 2316 2654 rusticae
2338 2601 2478 2654 liber
2499 2612 2727 2667 quartus
2743 2617 2937 2654 surcu-

483 2690 607 2742 laris
623 2689 774 2754 prior
787 2689 922 2743 sah
939 2689 1108 2742 Liber
1123 2701 1351 2755 quartus
1367 2690 1444 2742 rei
1461 2689 1694 2743 rusticae
1710 2690 1930 2755 explicit
1944 2689 2104 2755 byca
2120 2691 2186 2742 L.
2208 2690 2335 2743 Iuni
2352 2689 2630 2742 Moderati
2648 2689 2932 2744 Columel-

482 2780 565 2831 lae
586 2779 665 2830 rei
686 2779 918 2832 rusticae
939 2779 1079 2831 liber
1100 2789 1327 2842 quartus
1349 2779 1570 2843 explicit
1593 2777 1719 2831 mfr
