3109 5559
1458 53 1579 119 Rei
1608 53 1887 120 rusticae
1916 52 2030 119 lib.
2066 53 2163 118 IV
2191 74 2248 120 c.
2281 54 2451 120 8-10
2578 72 2658 140 73

94 245 146 319 9
290 252 338 294 t
375 229 967 316 Ablaqueationem
1001 229 1239 296 deinde
1272 229 1573 316 sequitur
1603 230 1751 296 talis
1782 230 2057 317 putatio,
2094 244 2169 296 ut
2201 253 2281 297 ex
2313 246 2664 318 praecepto

182 351 506 404 ueterum
535 351 881 403 auctorum
910 336 1066 403 uitis
1095 337 1178 402 ad
1206 358 1410 402 unam
1439 337 1696 422 uirgam
1725 351 2072 403 reuocetur
2100 359 2308 424 eaque
2337 337 2665 403 recidatur

185 444 462 510 duabus
488 443 768 529 gemmis
795 443 976 509 iuxta
1001 457 1242 509 terram
1269 443 1530 522 relictis;
1563 465 1730 529 quae
1757 444 2012 530 putatio
2040 466 2176 509 non
2205 443 2401 511 debet
2428 465 2662 510 secun·

183 550 367 617 dum
390 549 740 616 articulum
762 548 924 629 fieri,
951 571 1035 615 ne
1058 548 1442 615 reformidet
1464 549 1716 629 oculus,
1744 549 1860 615 sed
1884 550 2105 615 medio
2128 549 2265 616 fere
2289 551 2662 617 internodio

112 686 139 735 ς
186 680 267 723 ea
288 656 498 743 plaga
526 656 798 742 obliqua
827 655 991 722 falce
1021 655 1117 735 fit,
1151 678 1254 735 ne,
1288 656 1343 721 si
1373 670 1744 723 transuersa
1773 655 1973 722 fuerit
2002 656 2285 736 cicatriX,
2319 657 2664 723 caelestem

183 762 733 849 supercidentem
772 785 1014 849 aquam
1054 763 1404 829 contineat.
1497 783 1537 829 2
1581 764 1699 829 sed
1739 785 1861 829 nec
1901 763 1984 829 ad
2024 785 2170 829 eam
2209 776 2484 850 partem,
2529 785 2661 850 qua

186 882 290 936 est
328 891 618 955 gemma,
659 891 895 935 uerum
931 869 1014 935 ad
1051 869 1482 956 posteriorem
1521 869 1904 951 declinatur,
1945 884 2020 937 ut
2056 870 2125 936 in
2162 883 2404 937 terram
2441 870 2663 956 potius

188 976 453 1042 deuexa
483 998 687 1063 quam
717 976 786 1042 in
817 998 1087 1063 germen
1119 975 1516 1055 delacrimet3
1550 997 1839 1062 namque
1871 976 2190 1063 depluens
2220 999 2414 1043 umor
2445 989 2664 1043 caecat

189 1081 474 1148 oculum
504 1105 629 1149 nec
656 1082 904 1169 patitur
932 1105 1240 1149 crescere.

79 1326 157 1378 10
284 1337 329 1378 t
368 1314 659 1380 Putandi
691 1327 913 1379 autem
947 1315 1081 1381 duo
1115 1327 1271 1380 sunt
1301 1327 1621 1401 tempora,
1658 1314 1894 1381 melius
1926 1329 2167 1394 autem,
2203 1329 2278 1382 ut
2309 1315 2399 1381 ait
2432 1315 2659 1401 Mag0,

198 1443 509 1500 uernum,
556 1434 910 1507 antequam
952 1421 1254 1487 surculus
1295 1435 1728 1508 progemmet,
1776 1421 2093 1507 quoniam
2133 1421 2383 1486 umoris
2423 1421 2663 1507 plenus

192 1525 460 1593 facilem
482 1526 742 1613 plagam
764 1541 830 1594 et
853 1527 1069 1593 leuem
1091 1541 1157 1593 et
1179 1528 1519 1614 aequalem
1542 1528 1779 1614 accipit
1800 1549 1923 1594 nec
1944 1526 2096 1593 falci
2117 1541 2456 1614 repugnat.
2483 1526 2663 1595 hunc

196 1646 420 1699 autem
451 1633 662 1698 secuti
692 1647 848 1699 sunt
876 1633 1111 1699 Celsus
1140 1647 1207 1700 et
1230 1633 1511 1701 Atticus,

132 1767 157 1814 5
280 1739 507 1805 Nobis
542 1761 759 1825 neque
796 1754 1071 1826 angusta
1105 1740 1445 1827 putatione
1481 1740 1842 1807 coercenda
1878 1740 2128 1806 semina
2162 1739 2494 1818 uidentur,
2535 1739 2663 1806 nisi

201 1846 570 1912 admodum
619 1846 910 1912 inualida
958 1861 1134 1926 sunt,
1189 1869 1405 1933 neque
1457 1847 1689 1933 utique
1740 1869 1946 1913 uerno
1999 1846 2367 1926 recidenda,
2459 1866 2499 1912 2
2544 1846 2662 1912 sed

200 1952 413 2037 primo
472 1952 750 2039 quidem
801 1975 996 2032 anno,
1056 1976 1190 2040 quo
1245 1967 1401 2020 sunt
1456 1954 1688 2040 posita,
1745 1951 2204 2039 frequentibus
2258 1951 2663 2018 fossionibus

202 2059 512 2125 omnibus
547 2058 907 2138 mensibus,
945 2059 1109 2125 dum
1142 2058 1475 2139 frondent,
1512 2081 1589 2126 ac
1621 2058 2227 2146 pampinationibus
2261 2058 2658 2137 adiuuanda,

201 2177 274 2229 ut
298 2165 506 2231 robur
533 2165 857 2252 accipiant
886 2188 1008 2232 nec
1034 2165 1186 2252 plus
1215 2188 1415 2252 quam
1445 2166 1563 2232 uni
1592 2166 1897 2232 materiae
1926 2165 2234 2244 seruiant,
2268 2186 2469 2251 quam
2497 2164 2662 2230 edu-

116 2296 168 2332 10
205 2272 511 2338 cauerint.
575 2286 896 2339 autumno
952 2271 1060 2338 uel
1117 2294 1293 2351 uere,
1353 2272 1409 2338 si
1466 2272 1674 2359 magis
1730 2286 2105 2358 conpetent,
2165 2270 2540 2337 adradenda
2596 2284 2664 2337 et

207 2378 576 2463 nepotibus,
615 2400 784 2464 quos
817 2379 1235 2465 pampinator
1268 2378 1337 2444 in
1372 2378 1707 2464 superiore
1743 2392 1925 2464 parte
1960 2378 2287 2457 omiserat,
2326 2376 2663 2443 liberanda

208 2503 548 2550 censemus
577 2497 775 2570 atque
806 2484 895 2550 ita
924 2485 992 2551 in
1024 2485 1254 2572 iugum
1282 2484 1682 2571 inponenda.
1717 2507 1792 2550 ea
1821 2484 1999 2550 enim
2029 2484 2194 2550 leuis
2223 2497 2288 2550 et
2319 2497 2493 2549 recta
2523 2484 2662 2549 sine

209 2587 495 2657 cicatrice
531 2590 726 2656 uinea
757 2604 877 2670 est,
913 2613 1082 2677 quae
1112 2613 1182 2657 se
1214 2591 1412 2676 primi
1444 2591 1600 2656 anni
1631 2589 1886 2677 flagello
1917 2611 2116 2676 supra
2147 2591 2378 2677 iugum
2408 2589 2660 2669 extulit,

35 2704 45 2743 ¹
211 2696 381 2778 quod
418 2711 649 2762 tamen
679 2697 860 2783 apud
891 2719 1137 2784 paucos
1168 2696 1480 2783 agricolas
1511 2711 1578 2764 et
1610 2719 1754 2762 raro
1786 2696 2127 2782 contingit;
2160 2696 2444 2782 ideoque
2475 2717 2662 2782 prae-

38 2850 51 2907 Ι
128 2824 176 2871 1⁵
215 2798 359 2866 dicti
388 2817 692 2869 auctores
722 2803 1046 2888 primitias
1075 2803 1232 2869 uitis
1263 2825 1549 2870 resecare
1581 2817 1998 2869 censuerunt.

284 2926 330 2987 3
370 2908 502 2975 Sed
548 2931 670 2976 nec
707 2909 937 2995 utique
974 2931 1179 2975 uerna
1214 2909 1527 2975 omnibus
1566 2909 1943 2997 regionibus
1980 2910 2212 2976 melior
2250 2908 2503 2996 putatio
2541 2921 2659 2975 est.

45 3008 54 3081 ἶ
216 3032 357 3078 nam
387 3014 504 3081 ubi
541 3015 799 3082 caelum
832 3015 1149 3102 frigidum
1182 3030 1301 3095 est,
1338 3038 1414 3082 ea
1448 3016 1590 3082 sine
1625 3015 1830 3082 dubio
1864 3016 2164 3103 eligenda
2195 3030 2316 3096 est;
2352 3015 2471 3081 ubi
2502 3037 2663 3081 uero

27 2089 30 2156 ι

27 2188 42 2303 Ἀ

31 2398 44 2467 ι

283 3266 333 3316 ⁹²
360 3253 462 3318 Gt>-
487 3266 618 3319 ,5323
654 3281 693 3291 -
729 3270 832 3319 3-9
855 3254 995 3307 Ptin.
1023 3265 1133 3308 nat.
1162 3267 1356 3319 17‚192

288 3355 367 3393 102
394 3343 496 3408 Gp.
522 3355 654 3408 ,5323
689 3370 728 3380 -
768 3359 899 3409 1-15
934 3345 1127 3410 Thphr.
1159 3345 1402 3408 CP3,15
1439 3372 1476 3382 -
1517 3358 1688 3409 17-19
1711 3344 1920 3398 Pollad.
1950 3357 2127 3409 12,4,1

286 3530 336 3580 9:
373 3535 393 3569 1
422 3521 731 3586 amputatio
752 3520 827 3573 A⁸
862 3548 901 3558 —
936 3537 969 3575 2
993 3521 1264 3586 uirgulam
1286 3523 1339 3574 R
1372 3549 1411 3558 —
1445 3538 1618 3586 eaque
1642 3521 1913 3574 recidatur
1935 3521 2171 3588 ὶιλργςσ
2195 3522 2251 3574 id
2276 3534 2358 3575 est
2381 3522 2413 3575 f
2428 3539 2526 3575 orn.
2553 3522 2662 3588 SAj

58 3594 68 3629 ⁸
228 3625 260 3636 -
289 3620 322 3666 4
351 3607 608 3662 formidet
642 3611 768 3676 sAp
803 3637 842 3647 -
876 3610 1065 3663 oculos
1098 3611 1173 3663 ,υ
1208 3638 1246 3648 -
1282 3611 1614 3663 intermodio
1645 3611 1698 3663 A
1731 3638 1770 3647 -
1805 3612 1838 3662 ⁶
1871 3627 2013 3675 aqua
2044 3611 2135 3664 SA
2168 3638 2207 3648 -
2241 3612 2310 3663 ad
2344 3628 2466 3663 eam
2497 3611 2665 3664 sm(

230 3692 400 3747 endem
427 3698 500 3749 A²
534 3726 573 3736 -
612 3712 645 3763 7
676 3699 735 3752 in
763 3711 965 3752 terram
987 3699 1117 3752 Αἶά.
1149 3700 1430 3752 interdum
1458 3701 1602 3753 SAR
1635 3727 1674 3736 -
1710 3701 1742 3753 8
1772 3717 1996 3764 germen
2023 3700 2086 3753 S⁸
2115 3717 2299 3765 germe
2327 3701 2389 3753 S¹
2418 3702 2664 3765 germine

231 3777 319 3831 AR
348 3808 384 3819 -
416 3785 638 3841 lacrime
660 3788 753 3841 SA
786 3816 824 3825 -
859 3789 1106 3842 defluens
1128 3790 1181 3841 R
1215 3817 1253 3826 -
1288 3805 1321 3852 9
1345 3806 1587 3842 crescere
1609 3787 1817 3853 SAth²
1841 3789 2186 3842 frondescere
2209 3788 2292 3841 λσ

292 3883 372 3923 xo:
412 3891 433 3925 1
466 3886 719 3942 tempora
744 3879 848 3931 AR
874 3895 1071 3942 genera
1098 3878 1137 3930 S
1170 3904 1210 3915 -
1244 3890 1429 3931 autem
1455 3896 1554 3931 om.
1585 3878 1676 3932 SA
1711 3905 1749 3915 -
1783 3879 1826 3930 it
1853 3878 1991 3931 S¹A¹
2026 3905 2064 3915 -
2099 3895 2132 3931 2
2159 3879 2529 3943 progerminet
2555 3878 2663 3932 δοῖ

235 3963 547 4021 progeminet
577 3966 745 4019 mm⁸
780 3993 819 4003 -
856 3982 885 4031 3
916 3967 1026 4019 huc
1054 3967 1169 4019 S¹A
1202 3994 1241 4004 -
1278 3983 1306 4032 5
1338 3969 1498 4020 nouis
1527 3968 1567 4020 S
1601 3994 1639 4004 -
1674 3968 2049 4031 amputatione
2075 3967 2151 4019 A·
2185 3995 2223 4004 -
2253 3977 2372 4032 post
2400 3968 2506 4020 nisi
2535 3968 2659 4021 add.

236 4041 276 4091 ’ἱ
300 4044 347 4096 R
377 4075 413 4086 -
445 4053 478 4105 6
507 4056 778 4108 admdum
809 4056 924 4108 S²A
957 4083 996 4092 —
1031 4069 1065 4120 7
1096 4056 1438 4120 frequentius
1469 4057 1561 4110 SA
1594 4084 1632 4093 -
1666 4057 2105 4121 possessionibus
2134 4056 2187 4108 A
2220 4083 2259 4092 —
2294 4057 2327 4108 8
2354 4066 2474 4121 post
2502 4057 2660 4109 adiu-

238 4135 396 4188 uanda
418 4142 534 4195 add.
562 4156 697 4197 sunt
719 4146 772 4197 R
806 4171 845 4181 -
880 4161 913 4208 9
938 4157 1000 4197 ut
1025 4145 1116 4197 SA
1140 4162 1242 4197 nec
1258 4143 1429 4211 J‘M'pu
1453 4163 1523 4198 ne
1547 4161 1583 4211 9
1607 4157 1670 4198 ut
1695 4163 1796 4198 nec
1821 4146 1904 4210 hy
1925 4172 1964 4182 —
1987 4146 2263 4209 accipiunt
2287 4146 2413 4211 SAp
2447 4173 2486 4182 —
2521 4163 2663 4197 unae

237 4214 271 4266 S
292 4236 391 4276 una
414 4229 463 4280 A
495 4257 532 4268 -
574 4250 640 4286 ιο
666 4234 979 4286 adredenda
1004 4233 1057 4285 A
1090 4261 1129 4270 —
1170 4251 1226 4285 11
1259 4235 1671 4298 pampinatione
1697 4233 1832 4287 SAh
1865 4262 1904 4272 -
1938 4236 2276 4298 superiorem
2302 4235 2341 4287 S
2375 4261 2413 4271 -
2447 4245 2662 4298 partem

239 4302 316 4358 ΒΑ
333 4337 367 4347 -
393 4331 449 4369 12
475 4336 536 4372 ea
560 4339 659 4375 om.
688 4322 780 4375 SA
802 4349 840 4359 -
868 4340 932 4387 14
956 4323 1053 4375 sed
1078 4322 1131 4374 A
1152 4349 1190 4359 -
1219 4340 1279 4387 15
1305 4335 1636 4376 censuerunt
1662 4324 1736 4389 Sc
1761 4335 2094 4376 consuerunt
2117 4321 2339 4388 Ajmy
2358 4341 2661 4376 consueue-

243 4408 351 4450 ΝΜ
372 4401 477 4459 ht·
509 4435 546 4446 -
587 4413 650 4465 16
675 4429 851 4465 uerno
873 4413 926 4464 R
960 4439 998 4449 -
1033 4412 1338 4476 amputatio
1359 4411 1435 4464 A⁸
1469 4439 1508 4449 -
1548 4426 1612 4477 17
1638 4413 1736 4465 ubi
1858 4413 2105 4478 eligenda
2130 4423 2211 4464 est
2235 4411 2311 4464 bis
2333 4412 2374 4465 S
