3109 5559
1571 330 1904 391 —23-

628 528 918 592 tabulata
960 530 1290 611 disponito
1336 531 1656 606 materias,
1704 531 1793 594 ita
1836 539 2053 594 tamen
2100 551 2179 593 ne
2216 532 2412 594 uitem
2448 552 2738 608 onereS,
2781 537 2938 598 sed

631 640 805 693 certa
864 640 931 694 et
993 631 1433 695 robustissima
1478 631 1734 712 flagella
1776 632 2136 695 submittas,
2209 633 2601 697 arbustiuam
2669 636 2932 699 uitem

629 751 824 813 quam
895 742 1121 814 putare
1192 741 1325 796 tam
1392 733 1655 814 alligare
1717 734 2054 815 diligenter
2110 743 2387 815 oportet.
2465 755 2612 797 nam
2680 737 2767 799 in
2828 758 2936 800 eo

631 832 871 896 fructus
933 835 1215 897 maxime
1276 835 1369 897 uis
1414 836 1708 898 consistit
1752 836 2116 917 diutiusque
2162 845 2494 917 perannat,
2541 857 2747 918 quae
2809 840 2930 901 fir·

633 936 752 997 mis
797 921 953 998 toris
998 944 1065 998 et
1110 936 1357 999 idoneis
1401 935 1562 999 locis
1607 935 1871 1018 religata
1908 945 2025 999 est.
2092 937 2307 1019 itaque
2337 938 2648 1001 omnibus
2687 942 2926 1003 annis
2957 962 2988 1014 5

631 1038 935 1117 conuenit
979 1037 1283 1119 subsequi
1330 1040 1752 1118 putationem,
1800 1039 1888 1101 ita
1932 1047 2003 1101 ut
2046 1039 2165 1101 tori
2198 1049 2584 1102 renouentur
2609 1049 2702 1103 et
2739 1042 2926 1104 uitis

633 1158 749 1221 per
790 1139 1060 1202 idoneos
1107 1159 1322 1202 ramos
1365 1139 1761 1220 disponatur.

501 1238 581 1299 17
838 1240 1003 1303 Olea
1074 1241 1354 1303 maxime
1426 1239 1696 1303 collibus
1756 1239 1944 1303 siccis
1997 1250 2063 1303 et
2106 1239 2420 1321 argillosis
2465 1244 2776 1323 gaudet;
2837 1256 2920 1309 at

315 1346 615 1391 monneto.
636 1340 914 1404 humidis
985 1343 1231 1423 campis
1297 1351 1365 1405 et
1430 1343 1775 1422 pinguibus
1837 1341 2070 1404 laetam
2128 1341 2415 1404 frondem
2462 1345 2599 1405 sine
2655 1344 2915 1409 fructu

634 1441 857 1505 adfert.
933 1443 1156 1505 melius
1201 1453 1415 1505 autem
1462 1444 1704 1506 truncis
1748 1464 1938 1525 quam
1987 1442 2219 1526 plantis
2264 1443 2569 1507 oliuetum
2621 1450 2915 1511 consti·
2945 1467 3011 1504 10

634 1545 844 1607 tuitur.
939 1545 1201 1626 Magoni
1275 1544 1490 1626 placet
1557 1546 1746 1608 siccis
1814 1544 1973 1607 locis
2033 1544 2267 1607 oliuam
2330 1555 2643 1609 autumno
2724 1560 2914 1630 post
3105 1573 3109 1668 ἱ

635 1646 1112 1727 aequinoctium
1175 1647 1296 1709 seri
1359 1656 1507 1709 ante
1566 1647 1890 1724 brumam;
1952 1655 2210 1709 nostrae
2254 1648 2485 1710 aetatis
2528 1650 2911 1729 agricolae

579 1747 766 1814 2fere
840 1767 1102 1810 uernum
1172 1757 1432 1830 tempus
1502 1749 1672 1811 circa
1741 1748 1888 1811 Kal.
1955 1747 2158 1810 Maias
2228 1759 2504 1811 seruant.
2594 1763 2908 1832 oportet

635 1857 852 1912 autem
922 1849 1219 1912 scrobem
1288 1848 1473 1913 oleae
1538 1869 2031 1932 quoquouersus
2091 1850 2294 1930 pedes
2354 1859 2721 1931 quaternos
2779 1874 2906 1935 pa·

637 1960 792 2024 tere,
838 1952 901 2012 in
947 1952 1142 2014 imum
1189 1952 1486 2014 scrobem
1534 1951 1816 2033 lapidem
1862 1951 2279 2033 glareamque
2314 1951 2587 2026 abicere,
2617 1955 2902 2018 deinde
2933 1973 2984 2024 15

637 2073 830 2134 super
898 2060 1135 2115 terram
1205 2061 1510 2134 quattuor
1569 2053 1915 2134 digitorum
1970 2053 2219 2129 inicere,
2267 2061 2402 2115 tum
2447 2054 2899 2120 arbusculam

636 2156 962 2234 deponere
1006 2154 1096 2217 ita
1141 2164 1404 2228 rectam,
1451 2164 1520 2217 ut
1566 2155 1740 2236 quod
1787 2153 2018 2217 scrobe
2064 2155 2366 2229 extiterit,
2404 2155 2466 2217 in
2506 2157 2738 2220 medio
2775 2160 2892 2233 sit,

637 2255 1041 2318 arbusculam
1103 2265 1319 2320 autem
1375 2278 1414 2319 a
1469 2255 1965 2338 tempestatibus
2010 2257 2170 2319 tueri
2214 2256 2550 2337 diligenter
2593 2259 2894 2322 admini-

639 2357 914 2420 culando
954 2366 1051 2421 -et
1120 2367 1378 2432 terram,
1447 2379 1614 2440 quae
1682 2360 1743 2420 in
1809 2359 2108 2421 scrobem
2172 2359 2513 2439 reponitur,
2570 2367 2891 2424 stercore

582 2460 925 2531 3miscere.
1007 2460 1216 2524 oleam
1288 2463 1478 2524 decet
1548 2462 1712 2523 inter
1771 2479 2143 2541 sexagenos
2202 2461 2407 2542 pedes
2463 2460 2758 2541 disponi,
2814 2473 2979 2526 ut20

848 2674 864 2707 ι
909 2659 1149 2708 materias
1192 2655 1367 2722 lllli'llllll
1420 2658 1616 2722 sposlea
1661 2658 1728 2706 ita
1777 2659 1831 2705 in
1878 2674 1987 2708 ras.
2034 2658 2156 2708 scr.)
2196 2659 2230 2705 S
2282 2659 2489 2707 materia
2534 2659 2788 2716 (materia
2827 2661 2886 2718 d)

641 2745 681 2792 si
720 2744 831 2800 (sed
867 2745 918 2802 p)
956 2744 1024 2791 ita
1061 2744 1162 2791 tar‘i'i
1201 2745 1409 2802 (tamen)
1447 2744 1532 2791 AR
1795 2742 1899 2791 uite
1933 2739 2013 2804 llll!
2046 2758 2234 2791 oneres
2268 2745 2302 2790 S
2566 2758 2596 2790 a
2636 2746 2882 2792 summit·

638 2835 720 2875 tas
755 2828 827 2875 SA
1049 2828 1308 2876 arbustiua
1344 2828 1431 2875 AB
1471 2827 1702 2876 abustiua
1738 2843 1769 2875 c
1987 2841 2021 2887 3
2056 2828 2225 2888 quam]
2262 2842 2389 2887 quas
2424 2840 2455 2874 e
2681 2836 2883 2889 putare

638 2920 742 2960 tarn
776 2912 985 2972 alligare
1023 2917 1145 2961 usu.
1183 2911 1321 2960 edd..·
1355 2921 1506 2973 putar
1524 2915 1566 2961 ἃ
1586 2913 1764 2960 amalis
1787 2928 1912 2973 gera
1937 2913 1970 2959 S
2007 2918 2207 2973 putaret
2232 2912 2425 2959 amallis
2449 2927 2571 2971 gera
2599 2912 2690 2960 AB
2718 2921 2882 2973 putes

639 2997 847 3057 alligare
880 3000 941 3044 tv
1146 3013 1175 3058 4
1214 2996 1347 3044 asitit
1383 2999 1420 3045 A
1624 3005 1818 3061 pannat
1856 3001 1927 3054 (at
1963 3011 2024 3044 ex
2058 2997 2103 3044 is
2138 3001 2196 3043 ut
2232 2993 2358 3053 uid.)
2395 3002 2579 3055 atquae
2604 2997 2638 3043 S
2662 3004 2877 3061 pannat
3089 3055 3090 3076 Χ

640 3098 755 3143 quae
793 3084 828 3131 A
866 3090 1115 3143 perennat
1149 3098 1246 3147 que
1279 3083 1447 3143 (quae)
1483 3084 1528 3131 R
1732 3096 1763 3142 5
1799 3081 1958 3129 firmis
1994 3082 2150 3129 storis
2185 3082 2271 3129 AB
2305 3081 2463 3128 firmis
2499 3080 2633 3128 coris
2671 3093 2711 3127 ι
3081 3097 3090 3144 5

843 3183 965 3231 XXl
1021 3184 1097 3231 De
1150 3184 1335 3232 olineto
1390 3185 1533 3232 rubr.
1581 3185 1676 3233 liu.
1723 3199 1838 3232 unc.
1885 3185 1919 3231 S
1967 3181 2115 3230 XXI·
2157 3178 2163 3244 Ι
2204 3183 2455 3231 deoliuato
2500 3181 2642 3230 rubr.
2684 3182 2790 3232 liu.
2833 3186 2873 3232 A

641 3271 785 3330 Cap*
828 3273 919 3329 19¹¹·
973 3270 1050 3317 De
1098 3270 1210 3317 olea
1255 3265 1287 3317 b
1342 3269 1419 3317 De
1463 3270 1651 3316 olineto
1687 3268 1904 3329 Capitul'
1940 3267 2144 3315 xvnw
2178 3280 2229 3316 m
2284 3267 2360 3315 De
2397 3268 2583 3315 oliueto
2619 3281 2654 3326 q
2695 3270 2875 3331 uulgo

641 3372 743 3404 om.
783 3357 828 3404 R
1018 3356 1089 3411 at]
1125 3361 1211 3402 aut
1246 3368 1277 3402 e
1479 3368 1512 3412 9
1548 3353 1730 3401 umidis
1765 3354 1798 3401 S
1837 3354 1888 3409 (h
1917 3358 2100 3416 postea
2135 3353 2423 3416 suprascr.)
2461 3352 2500 3398 A
2676 3352 2869 3400 laetam

643 3442 892 3497 frondem]
930 3441 1079 3488 letam
1117 3439 1373 3501 spondere
1409 3439 1718 3498 bequryw
1752 3437 1855 3486 let&
1888 3437 2086 3499 sponde
2119 3451 2146 3486 s
2323 3436 2470 3486 affert
2505 3448 2571 3495 ep
2606 3436 2673 3484 ad
2713 3437 2870 3486 affert

645 3527 728 3584 (ad
757 3531 939 3590 postea
974 3524 1089 3582 del.)
1128 3537 1164 3571 a
1357 3538 1407 3572 ιι
1451 3523 1654 3584 Magoni
1690 3523 1770 3571 SR
1806 3523 2006 3584 magoni
2044 3524 2083 3570 A
2266 3522 2390 3570 locis
2425 3536 2526 3570 om.
2564 3535 2595 3568 o
2782 3539 2867 3571 au·

643 3632 769 3680 tuno
805 3631 839 3678 S
874 3609 925 3677 ειῖ
962 3629 992 3675 fi
1031 3629 1067 3675 A
1105 3635 1191 3676 aut
1228 3628 1294 3676 ηδ
1330 3641 1395 3686 eq
1425 3635 1592 3675 autem
1631 3641 1731 3674 non
1768 3626 1924 3673 abdm
2102 3639 2159 3685 ¹3
2196 3626 2303 3673 sere
2337 3627 2438 3673 Sne
2474 3625 2608 3672 serre
2635 3626 2726 3673 AB
3071 3635 3080 3672 1

644 3714 704 3763 kt
739 3715 896 3762 maias
932 3714 1043 3762 SAn
1077 3713 1128 3761 kl
1165 3713 1322 3761 maias
1357 3727 1387 3760 c
1422 3710 1515 3759 kat
1550 3712 1709 3759 maias
1744 3712 1777 3758 b
1813 3709 1873 3759 kt
1907 3710 2114 3758 martias
2148 3710 2182 3756 «ἰ
2409 3725 2466 3770 ¹⁴
2503 3725 2800 3774 quouersus
2834 3724 2866 3758 c
3071 3687 3082 3736 Ι

855 3812 911 3858 ι5
948 3798 1165 3845 abiicere
1202 3797 1233 3843 d
1445 3798 1505 3843 16
1539 3796 1733 3855 inigere
1769 3796 1843 3843 SA
1880 3795 2069 3842 uincire
2103 3808 2134 3841 c
2308 3794 2615 3842 arbustulam
2654 3808 2692 3842 ιι
3069 3783 3080 3896 l

653 3899 709 3944 17
755 3891 947 3932 sectam
1000 3882 1185 3930 abkms
1238 3888 1433 3943 septam
1481 3880 1556 3938 (εή
1595 3896 1769 3942 marg.
1807 3879 1965 3937 rectR)
2004 3880 2038 3926 «ἰ
2242 3880 2314 3939 qd
2347 3880 2530 3927 scrobe
2566 3880 2691 3927 SAR
2725 3880 2864 3941 quod

646 3969 878 4017 scrobem
916 3983 946 4015 e
1167 3966 1417 4014 exstiterit
1454 3967 1488 4013 S
1523 3966 1748 4013 extiterit
1784 3966 1867 4012 An
2084 3965 2133 4013 in
2172 3965 2335 4012 medio
2371 3965 2404 4011 S
2440 3964 2489 4012 in
2527 3964 2696 4012 medii}
2735 3968 2773 4013 A
2810 3966 2859 4012 in
3065 3917 3077 4042 1

648 4054 861 4103 medium
898 4054 943 4101 R
1119 4055 1178 4100 18
1214 4047 1480 4099 arbusculfi
1516 4051 1550 4097 S
1736 4064 1795 4109 ¹9
1831 4049 1970 4097 terra
2005 4050 2039 4095 Β
2075 4056 2212 4096 terra
2249 4049 2332 4095 AB
2535 4048 2583 4094 in
2621 4050 2859 4098 scrobem
3063 4069 3078 4178 Ι

644 4153 716 4199 pv
752 4140 984 4188 scrobem
1029 4138 1149 4186 SAR
1399 4135 1596 4196 reponit
1646 4149 1675 4182 c
1937 4142 2164 4181 stercore
2211 4133 2422 4180 miscere
2459 4132 2651 4195 scripsi
2675 4143 2731 4198 p.
2766 4148 2858 4193 44:

647 4224 861 4274 stercori
898 4224 1164 4272 inmiscere
1198 4222 1320 4269 SAR
1356 4222 1600 4268 stercoris
1635 4221 1900 4269 inmiscere
1935 4220 1969 4267 d
2016 4219 2230 4266 stercori
2265 4218 2593 4266 immiscendo
2627 4220 2656 4266 t

648 4326 715 4363 ao
749 4309 928 4360 Oleum
966 4321 1000 4358 a
1202 4321 1492 4370 sexagenos
1529 4308 1562 4355 S
1600 4320 1892 4368 sexagenos
1926 4303 1961 4349 «1
