3109 5559
1472 264 1572 306 R1·:1
1619 263 1927 307 RVSTICAE
1973 264 2086 307 LlB.
2138 264 2202 306 xl

724 421 853 483 uel
932 421 1171 485 ferulae
1242 421 1540 485 medullis
1610 434 1859 485 stercus
1927 422 2251 485 inmittere
2321 435 2497 502 atqui

722 531 1111 592 cucumeris
1182 530 1483 602 inserere,
1552 548 1722 610 quae
1792 528 2041 592 scilicet
2111 531 2499 591 incrementc

724 637 927 710 rubis
988 647 1054 699 et
1115 635 1331 698 ferulis
1385 633 1693 716 (namque
1751 655 1882 697 non
1944 656 2082 711 sua,
2144 636 2261 697 sed
2320 636 2503 716 quasi

722 744 897 805 dice
953 739 1257 822 aluntur);
1330 744 1423 804 sic
1480 743 1743 805 insitam
1789 743 2060 824 stirpem
2109 742 2455 823 frigoribus
2501 771 2505 798 ι

614 861 695 930 ’5
726 849 945 912 meris
1011 849 1326 930 praebere
1394 849 1687 911 fructum.
1785 850 1953 911 satio
2020 848 2309 911 secunda
2367 850 2505 910 eius

725 956 1267 1037 Quinquatribus
1314 956 1718 1018 obseruatur.

967 1063 1286 1144 Capparis
1365 1062 1658 1143 plurimis
1737 1063 2087 1143 prouinciis
2156 1082 2275 1124 sua
2343 1083 2510 1143 spon

727 1171 1054 1232 nascitur.
1134 1169 1251 1230 sed
1299 1169 1537 1249 quibus
1585 1169 1746 1231 locis
1793 1171 1933 1230 eius
1979 1170 2202 1249 inopia
2236 1180 2354 1244 est,
2389 1171 2444 1230 si
2476 1189 2517 1230 ss

724 1280 996 1341 siccum
1064 1276 1278 1338 locum
1344 1276 1766 1351 desiderabit,
1836 1277 2019 1357 isque
2086 1277 2356 1339 debebit
2414 1287 2519 1339 ant

630 1421 700 1452 10
728 1383 1017 1458 fossula,
1081 1382 1638 1468 quaelrepleatur
1684 1382 2010 1463 lapidibus
2057 1395 2122 1444 et
2170 1382 2349 1445 calce
2396 1383 2500 1445 uel

726 1506 807 1554 ut
886 1492 970 1551 sit
1035 1491 1219 1570 quasi
1279 1490 1605 1570 quaedam
1668 1489 1888 1565 lorica,
1952 1510 2034 1552 ne
2083 1491 2336 1571 possint
2383 1510 2525 1552 eam

728 1598 1072 1681 praedicti
1118 1596 1386 1658 seminis
1436 1596 1717 1672 frutices,
1766 1598 1877 1678 qui
1927 1596 2058 1659 fere
2109 1618 2223 1677 per
2258 1609 2468 1660 totum
2501 1617 2529 1659 a

726 1723 869 1776 tur,
949 1705 1066 1765 nisi
1140 1704 1542 1766 munimento
1613 1704 1832 1784 aliquo
1903 1705 2212 1785 prohibiti
2285 1717 2453 1766 sunt.

729 1833 885 1875 non
961 1821 1211 1871 tantum
1284 1811 1773 1873 incommodum
1845 1823 1946 1873 est
2003 1809 2304 1890 (subinde
2350 1813 2523 1873 enim

636 1953 703 1999 15
727 1913 1035 1998 stirpari)
1103 1929 1416 1998 quantum
1486 1920 1663 1999 quod
1714 1919 2204 1980 noxium‘uirus
2251 1917 2498 1980 habent

728 2024 970 2090 sterile
1037 2023 1249 2086 solum
1318 2025 1615 2088 reddunt.
1714 2025 1889 2087 cultu
1937 2038 2049 2088 aut
2095 2024 2269 2087 nullo
2318 2038 2429 2087 aut
2478 2024 2535 2086 le

730 2145 935 2196 tenta
1006 2142 1124 2205 est,
1196 2132 1444 2212 quippe
1514 2152 1683 2212 quae
1755 2153 1857 2194 res
1926 2133 2122 2193 etiam
2181 2133 2242 2193 in
2301 2132 2539 2194 deserti

732 2239 973 2302 rustici
1022 2258 1303 2319 operam
1342 2239 1776 2301 conualescat.
1873 2241 2102 2301 seritur
2151 2249 2425 2319 utroque
2473 2259 2545 2300 ae

970 2344 1222 2425 Cepina
1289 2347 1500 2425 magis
1568 2345 1934 2426 frequenter
2002 2347 2344 2408 subactam
2412 2359 2549 2426 posi

638 2486 710 2518 20
734 2473 950 2535 quam
1010 2451 1200 2514 altius
1249 2470 1653 2513 conuersam.
1751 2452 1969 2532 itaque
2020 2472 2104 2513 ex
2153 2451 2473 2514 Kalendis
2519 2454 2551 2514 h

736 2559 1091 2640 proscindi
1161 2559 1371 2620 solum
1444 2559 1663 2632 debet,
1736 2572 1807 2621 ut
1873 2560 2104 2621 hiemis
2173 2559 2518 2640 frigoribus

737 2678 1109 2747 putrescat,
1180 2667 1694 2746 intermissisque
1759 2668 2191 2747 quadraginta
2258 2667 2491 2728 diebus

740 2776 975 2837 iterari
1022 2785 1087 2836 et
1148 2774 1548 2853 interpositis
1599 2794 1728 2834 uno
1777 2793 1853 2835 ac
1902 2774 2130 2853 uiginti
2180 2773 2420 2835 diebus
2460 2786 2555 2835 ter

737 2883 931 2943 tinus
997 2881 1358 2954 stercorari,
1428 2900 1584 2942 mox
1654 2880 2030 2942 bidentibus
2097 2879 2453 2960 aequaliter
2519 2901 2555 2960 p

648 3001 717 3046 25
739 3008 942 3050 areas
1008 2987 1271 3066 disponi
1337 2985 1571 3049 deletis
1637 2987 1963 3050 radicibus
2030 2988 2352 3049 omnibus„
2448 2988 2554 3049 dei

742 3095 989 3156 lendas
1065 3094 1453 3155 Februarias
1522 3114 1757 3155 sereno
1828 3094 1933 3155 die
2004 3095 2354 3156 conueniat
2427 3115 2555 3155 sem

742 3202 994 3281 quibus
1063 3200 1305 3282 aliquid
1376 3202 1696 3262 satureiae
1771 3221 1995 3262 semen
2081 3202 2555 3263 interiniscend1

743 3328 897 3369 eam
970 3328 1233 3389 quoque
1299 3308 1675 3370 habeamus
1774 3328 1924 3369 nam
1990 3319 2056 3368 et
2123 3308 2347 3370 uiridis
2393 3311 2528 3369 esui

941 3574 961 3605 1
1007 3559 1263 3607 inmittere
1302 3561 1412 3608 ΒΜ)
1446 3560 1718 3607 immittere
1757 3562 1800 3608 R
1948 3575 1978 3606 2
2018 3557 2240 3621 sualim
2268 3561 2359 3607 sed
2399 3563 2540 3614 (suas

935 3663 968 3708 3
1010 3654 1242 3695 materna
1278 3650 1403 3707 bmp
1438 3664 1479 3694 s,
1519 3665 1570 3694 u.
1608 3651 1640 3696 d
1681 3656 1938 3696 macerata
1978 3650 2097 3698 SAR
2288 3664 2312 3708 7
2355 3649 2554 3709 prouin‹

747 3727 848 3788 ηις)
887 3739 923 3784 S
1042 3791 1046 3795 Α
1116 3752 1172 3783 12
1211 3736 1388 3799 pdicto
1426 3737 1478 3792 (o
1518 3739 1571 3784 in
1607 3754 1624 3798 J
1667 3744 1792 3785 mut.
1833 3731 1929 3794 πθ)
1967 3741 2001 3786 S
2193 3753 2251 3797 13
2292 3745 2408 3784 sunt
2445 3739 2479 3785 S
2516 3730 2555 3784 s'·

756 3839 813 3883 14
858 3825 1141 3886 exstirpari
1177 3827 1217 3873 Δ
1256 3827 1501 3887 extirpari
1539 3828 1612 3874 SA
1772 3843 1829 3887 15
1869 3827 2009 3874 uires
2050 3829 2087 3875 A
2247 3830 2308 3873 16
2348 3827 2555 3874 leuissin

749 3913 860 3961 SAb
938 3949 953 3957 -
1056 3917 1115 3962 18
1155 3916 1486 3963 conualescat
1523 3918 1557 3962 S
1599 3917 1914 3963 conualescit
1953 3918 2036 3965 AB
2215 3932 2282 3962 20
2325 3917 2548 3963 nouemb

750 4003 845 4048 uel.
888 4005 1163 4051 nouembr.
1203 4008 1247 4053 R
1415 4021 1481 4063 24
1524 4005 1816 4052 uidentibus
1857 4007 1893 4053 A
2067 4021 2134 4065 25
2178 4005 2380 4065 disponi
2424 4006 2555 4051 lectis

752 4090 891 4144 letis)
932 4095 968 4140 b
1017 4092 1221 4154 disponi
1259 4093 1476 4141 dilectus
1515 4095 1548 4140 S
1601 4094 2008 4154 dispondilectus
2046 4096 2124 4143 Aa
2172 4095 2375 4155 disponi
2417 4094 2554 4140 delcc

753 4177 939 4228 deletis
979 4183 1013 4229 d
1160 4185 1227 4228 26
1267 4180 1385 4228 febr
1411 4185 1443 4228 S
1482 4181 1568 4230 seb
1599 4185 1637 4230 A
1681 4184 1808 4230 febr.
1848 4187 1889 4231 B
2036 4186 2102 4230 28
2147 4184 2365 4230 iocunda
2392 4198 2426 4231 a
