<?xml version="1.0" encoding="UTF-8"?>
<!DOCTYPE html PUBLIC "-//W3C//DTD XHTML 1.0 Transitional//EN"
    "http://www.w3.org/TR/xhtml1/DTD/xhtml1-transitional.dtd">
<html xmlns="http://www.w3.org/1999/xhtml" xml:lang="en" lang="en">
 <head>
  <title>
</title>
<meta http-equiv="Content-Type" content="text/html;charset=utf-8" />
  <meta name='ocr-system' content='tesseract 3.04.00' />
  <meta name='ocr-capabilities' content='ocr_page ocr_carea ocr_par ocr_line ocrx_word'/>
</head>
<body>
  <div class='ocr_page' id='page_1' title='image "./operaquaeexstan00hedbgoog_0114.png"; bbox 0 0 3109 5559; ppageno 0'>
   <div class='ocr_carea' id='block_1_1' title="bbox 748 1078 2379 1146">
    <p class='ocr_par' dir='ltr' id='par_1_1' title="bbox 748 1078 2379 1146">
     <span class='ocr_line' id='line_1_1' title="bbox 748 1078 2379 1146; baseline -0.003 0"><span class='ocrx_word' id='word_1_1' title='bbox 748 1083 1017 1146; x_wconf 88' lang='lat' dir='ltr'>LIBER</span> <span class='ocrx_word' id='word_1_2' title='bbox 1068 1080 1553 1146; x_wconf 85' lang='lat' dir='ltr'>SECVNDVS</span> <span class='ocrx_word' id='word_1_3' title='bbox 1603 1079 1857 1143; x_wconf 85' lang='lat' dir='ltr'>HAEC</span> <span class='ocrx_word' id='word_1_4' title='bbox 1909 1078 2379 1144; x_wconf 89' lang='lat' dir='ltr'><strong>CONTINET</strong></span> 
     </span>
    </p>
   </div>
   <div class='ocr_carea' id='block_1_2' title="bbox 587 1276 2598 1575">
    <p class='ocr_par' dir='ltr' id='par_1_2' title="bbox 587 1276 2598 1575">
     <span class='ocr_line' id='line_1_2' title="bbox 644 1276 2598 1355; baseline -0.003 -13"><span class='ocrx_word' id='word_1_5' title='bbox 644 1281 698 1343; x_wconf 91' lang='grc' dir='ltr'><strong>Ι.</strong></span> <span class='ocrx_word' id='word_1_6' title='bbox 753 1280 1027 1342; x_wconf 86' lang='lat' dir='ltr'>Terram</span> <span class='ocrx_word' id='word_1_7' title='bbox 1076 1297 1200 1339; x_wconf 91' lang='lat' dir='ltr'><strong>nec</strong></span> <span class='ocrx_word' id='word_1_8' title='bbox 1248 1297 1594 1340; x_wconf 87' lang='lat' dir='ltr'><strong>senescere</strong></span> <span class='ocrx_word' id='word_1_9' title='bbox 1643 1297 1766 1339; x_wconf 91' lang='lat' dir='ltr'><strong>nec</strong></span> <span class='ocrx_word' id='word_1_10' title='bbox 1819 1276 2099 1355; x_wconf 76' lang='lat' dir='ltr'><strong>fatigari,</strong></span> <span class='ocrx_word' id='word_1_11' title='bbox 2150 1277 2204 1337; x_wconf 90' lang='lat' dir='ltr'><strong>si</strong></span> <span class='ocrx_word' id='word_1_12' title='bbox 2252 1288 2598 1339; x_wconf 77' lang='lat' dir='ltr'><strong>stercores,</strong></span> 
     </span>
     <span class='ocr_line' id='line_1_3' title="bbox 616 1385 1719 1468; baseline -0.005 -18"><span class='ocrx_word' id='word_1_13' title='bbox 616 1389 700 1452; x_wconf 93' lang='lat' dir='ltr'><strong>II.</strong></span> <span class='ocrx_word' id='word_1_14' title='bbox 759 1387 944 1468; x_wconf 91' lang='lat' dir='ltr'><strong>Quot</strong></span> <span class='ocrx_word' id='word_1_15' title='bbox 990 1388 1124 1449; x_wconf 88' lang='lat' dir='ltr'><strong>sint</strong></span> <span class='ocrx_word' id='word_1_16' title='bbox 1170 1405 1413 1466; x_wconf 88' lang='lat' dir='ltr'><strong>genera</strong></span> <span class='ocrx_word' id='word_1_17' title='bbox 1462 1385 1719 1448; x_wconf 91' lang='lat' dir='ltr'><strong>terreni.</strong></span> 
     </span>
     <span class='ocr_line' id='line_1_4' title="bbox 587 1490 2493 1575; baseline -0.002 -17"><span class='ocrx_word' id='word_1_18' title='bbox 587 1497 703 1558; x_wconf 85' lang='lat'><strong>111.</strong></span> <span class='ocrx_word' id='word_1_19' title='bbox 757 1494 941 1575; x_wconf 89' lang='lat' dir='ltr'><strong>Quot</strong></span> <span class='ocrx_word' id='word_1_20' title='bbox 993 1493 1236 1555; x_wconf 90' lang='lat' dir='ltr'><strong>deinde</strong></span> <span class='ocrx_word' id='word_1_21' title='bbox 1283 1492 1543 1574; x_wconf 88' lang='lat' dir='ltr'><strong>species</strong></span> <span class='ocrx_word' id='word_1_22' title='bbox 1594 1490 1950 1572; x_wconf 88' lang='lat' dir='ltr'><strong>generibus</strong></span> <span class='ocrx_word' id='word_1_23' title='bbox 1997 1491 2493 1572; x_wconf 89' lang='lat' dir='ltr'><strong>subiungantur.</strong></span> 
     </span>
    </p>
   </div>
   <div class='ocr_carea' id='block_1_3' title="bbox 490 1599 2800 2758">
    <p class='ocr_par' dir='ltr' id='par_1_3' title="bbox 490 1599 2800 2758">
     <span class='ocr_line' id='line_1_5' title="bbox 552 1599 2735 1683; baseline -0.006 -17"><span class='ocrx_word' id='word_1_24' title='bbox 552 1605 697 1666; x_wconf 92' lang='lat' dir='ltr'><strong>IIII.</strong></span> <span class='ocrx_word' id='word_1_25' title='bbox 753 1602 953 1683; x_wconf 92' lang='lat' dir='ltr'><strong>Quod</strong></span> <span class='ocrx_word' id='word_1_26' title='bbox 1000 1602 1213 1667; x_wconf 91' lang='lat' dir='ltr'><strong>solum</strong></span> <span class='ocrx_word' id='word_1_27' title='bbox 1264 1601 1549 1663; x_wconf 85' lang='lat' dir='ltr'><strong>maxime</strong></span> <span class='ocrx_word' id='word_1_28' title='bbox 1599 1599 1932 1681; x_wconf 86' lang='lat' dir='ltr'><strong>probetur.</strong></span> <span class='ocrx_word' id='word_1_29' title='bbox 2704 1635 2735 1681; x_wconf 82' lang='lat'>5</span> 
     </span>
     <span class='ocr_line' id='line_1_6' title="bbox 608 1705 2690 1791; baseline 0 -20"><span class='ocrx_word' id='word_1_30' title='bbox 608 1711 697 1773; x_wconf 91' lang='lat' dir='ltr'><strong>V.</strong></span> <span class='ocrx_word' id='word_1_31' title='bbox 757 1708 976 1791; x_wconf 86' lang='lat' dir='ltr'><strong>Quem</strong></span> <span class='ocrx_word' id='word_1_32' title='bbox 1036 1710 1123 1771; x_wconf 90' lang='lat' dir='ltr'><strong>ad</strong></span> <span class='ocrx_word' id='word_1_33' title='bbox 1174 1708 1441 1770; x_wconf 88' lang='lat' dir='ltr'><strong>modum</strong></span> <span class='ocrx_word' id='word_1_34' title='bbox 1492 1706 1815 1769; x_wconf 85' lang='lat' dir='ltr'><strong>siluestris</strong></span> <span class='ocrx_word' id='word_1_35' title='bbox 1866 1706 2051 1768; x_wconf 90' lang='lat' dir='ltr'><strong>locus</strong></span> <span class='ocrx_word' id='word_1_36' title='bbox 2098 1705 2442 1770; x_wconf 85' lang='lat' dir='ltr'><strong>excolatur</strong></span> <span class='ocrx_word' id='word_1_37' title='bbox 2485 1719 2553 1771; x_wconf 91' lang='lat' dir='ltr'><strong>et</strong></span> <span class='ocrx_word' id='word_1_38' title='bbox 2598 1730 2690 1771; x_wconf 91' lang='lat' dir='ltr'><strong>ar·</strong></span> 
     </span>
     <span class='ocr_line' id='line_1_7' title="bbox 844 1816 1180 1880; baseline -0.003 -1"><span class='ocrx_word' id='word_1_39' title='bbox 844 1838 996 1880; x_wconf 88' lang='lat' dir='ltr'><strong>uum</strong></span> <span class='ocrx_word' id='word_1_40' title='bbox 1045 1816 1180 1879; x_wconf 88' lang='lat' dir='ltr'><strong>fiat.</strong></span> 
     </span>
     <span class='ocr_line' id='line_1_8' title="bbox 581 1921 2691 2005; baseline -0.001 -18"><span class='ocrx_word' id='word_1_41' title='bbox 581 1926 702 1987; x_wconf 90' lang='lat' dir='ltr'><strong>VI.</strong></span> <span class='ocrx_word' id='word_1_42' title='bbox 759 1924 981 2005; x_wconf 88' lang='lat' dir='ltr'><strong>Quem</strong></span> <span class='ocrx_word' id='word_1_43' title='bbox 1049 1924 1134 1985; x_wconf 90' lang='lat' dir='ltr'><strong>ad</strong></span> <span class='ocrx_word' id='word_1_44' title='bbox 1206 1924 1478 1985; x_wconf 93' lang='lat' dir='ltr'><strong>modum</strong></span> <span class='ocrx_word' id='word_1_45' title='bbox 1549 1922 1813 2003; x_wconf 83' lang='lat' dir='ltr'><strong>pinguis</strong></span> <span class='ocrx_word' id='word_1_46' title='bbox 1882 1933 1947 1983; x_wconf 96' lang='lat' dir='ltr'><strong>et</strong></span> <span class='ocrx_word' id='word_1_47' title='bbox 2019 1921 2476 1984; x_wconf 85' lang='lat' dir='ltr'><strong>frumentarius</strong></span> <span class='ocrx_word' id='word_1_48' title='bbox 2533 1943 2691 2004; x_wconf 88' lang='lat' dir='ltr'><strong>ager</strong></span> 
     </span>
     <span class='ocr_line' id='line_1_9' title="bbox 839 2025 2732 2095; baseline 0.001 -2"><span class='ocrx_word' id='word_1_49' title='bbox 839 2033 1237 2095; x_wconf 86' lang='lat' dir='ltr'><strong>dinoscatur.</strong></span> <span class='ocrx_word' id='word_1_50' title='bbox 2727 2025 2732 2029; x_wconf 64' lang='grc'><strong><em>’</em></strong></span> 
     </span>
     <span class='ocr_line' id='line_1_10' title="bbox 554 2137 2800 2220; baseline 0.001 -17"><span class='ocrx_word' id='word_1_51' title='bbox 554 2141 703 2203; x_wconf 91' lang='lat' dir='ltr'><strong>VII.</strong></span> <span class='ocrx_word' id='word_1_52' title='bbox 762 2137 953 2220; x_wconf 85' lang='lat' dir='ltr'><strong>Quae</strong></span> <span class='ocrx_word' id='word_1_53' title='bbox 1022 2137 1362 2219; x_wconf 89' lang='lat' dir='ltr'><strong>sequenda</strong></span> <span class='ocrx_word' id='word_1_54' title='bbox 1432 2158 1736 2219; x_wconf 89' lang='lat' dir='ltr'><strong>quaeque</strong></span> <span class='ocrx_word' id='word_1_55' title='bbox 1786 2137 2065 2199; x_wconf 89' lang='lat' dir='ltr'><strong>uitanda</strong></span> <span class='ocrx_word' id='word_1_56' title='bbox 2111 2137 2244 2199; x_wconf 92' lang='lat' dir='ltr'><strong>sint</strong></span> <span class='ocrx_word' id='word_1_57' title='bbox 2291 2138 2354 2199; x_wconf 90' lang='lat' dir='ltr'><strong>in</strong></span> <span class='ocrx_word' id='word_1_58' title='bbox 2406 2140 2690 2219; x_wconf 90' lang='lat' dir='ltr'><strong>proscin·</strong></span> <span class='ocrx_word' id='word_1_59' title='bbox 2738 2173 2800 2206; x_wconf 90' lang='lat'><strong>10</strong></span> 
     </span>
     <span class='ocr_line' id='line_1_11' title="bbox 841 2244 1276 2308; baseline 0.002 -1"><span class='ocrx_word' id='word_1_60' title='bbox 841 2245 1065 2307; x_wconf 91' lang='lat' dir='ltr'><strong>dendo</strong></span> <span class='ocrx_word' id='word_1_61' title='bbox 1112 2244 1276 2308; x_wconf 86' lang='lat' dir='ltr'><strong>solo.</strong></span> 
     </span>
     <span class='ocr_line' id='line_1_12' title="bbox 518 2351 2688 2436; baseline -0.001 -18"><span class='ocrx_word' id='word_1_62' title='bbox 518 2356 698 2419; x_wconf 89' lang='lat' dir='ltr'><strong>VIII.</strong></span> <span class='ocrx_word' id='word_1_63' title='bbox 755 2355 974 2436; x_wconf 89' lang='lat' dir='ltr'><strong>Quem</strong></span> <span class='ocrx_word' id='word_1_64' title='bbox 1021 2354 1106 2416; x_wconf 91' lang='lat' dir='ltr'><strong>ad</strong></span> <span class='ocrx_word' id='word_1_65' title='bbox 1158 2354 1423 2415; x_wconf 88' lang='lat' dir='ltr'><strong>modum</strong></span> <span class='ocrx_word' id='word_1_66' title='bbox 1473 2353 1560 2416; x_wconf 91' lang='lat' dir='ltr'><strong>ab</strong></span> <span class='ocrx_word' id='word_1_67' title='bbox 1611 2373 1813 2434; x_wconf 92' lang='lat' dir='ltr'><strong>opere</strong></span> <span class='ocrx_word' id='word_1_68' title='bbox 1862 2353 2173 2415; x_wconf 89' lang='lat' dir='ltr'><strong>disiuncti</strong></span> <span class='ocrx_word' id='word_1_69' title='bbox 2221 2351 2431 2415; x_wconf 91' lang='lat' dir='ltr'><strong>boues</strong></span> <span class='ocrx_word' id='word_1_70' title='bbox 2479 2356 2688 2415; x_wconf 91' lang='lat' dir='ltr'><strong>curari</strong></span> 
     </span>
     <span class='ocr_line' id='line_1_13' title="bbox 718 2461 1154 2543; baseline 0 -20"><span class='ocrx_word' id='word_1_71' title='bbox 718 2536 725 2543; x_wconf 39' lang='lat'><strong>,</strong></span> <span class='ocrx_word' id='word_1_72' title='bbox 843 2461 1154 2524; x_wconf 90' lang='lat' dir='ltr'><strong>debeant.</strong></span> 
     </span>
     <span class='ocr_line' id='line_1_14' title="bbox 490 2567 2687 2651; baseline 0 -19"><span class='ocrx_word' id='word_1_73' title='bbox 490 2569 700 2632; x_wconf 90' lang='lat' dir='ltr'><strong>VIIII.</strong></span> <span class='ocrx_word' id='word_1_74' title='bbox 752 2568 1012 2650; x_wconf 90' lang='lat' dir='ltr'><strong>Quibus</strong></span> <span class='ocrx_word' id='word_1_75' title='bbox 1059 2567 1468 2649; x_wconf 85' lang='lat' dir='ltr'><strong>temporibus</strong></span> <span class='ocrx_word' id='word_1_76' title='bbox 1514 2568 1813 2649; x_wconf 91' lang='lat' dir='ltr'><strong>quidque</strong></span> <span class='ocrx_word' id='word_1_77' title='bbox 1861 2588 2072 2650; x_wconf 85' lang='lat' dir='ltr'><strong>genus</strong></span> <span class='ocrx_word' id='word_1_78' title='bbox 2104 2568 2226 2631; x_wconf 87' lang='lat' dir='ltr'><strong>soli</strong></span> <span class='ocrx_word' id='word_1_79' title='bbox 2261 2572 2687 2651; x_wconf 89' lang='lat' dir='ltr'><strong>proscinden-</strong></span> 
     </span>
     <span class='ocr_line' id='line_1_15' title="bbox 842 2676 2772 2758; baseline -0.003 -20"><span class='ocrx_word' id='word_1_80' title='bbox 842 2678 999 2738; x_wconf 90' lang='lat' dir='ltr'><strong>dum</strong></span> <span class='ocrx_word' id='word_1_81' title='bbox 1046 2686 1114 2738; x_wconf 91' lang='lat' dir='ltr'><strong>et</strong></span> <span class='ocrx_word' id='word_1_82' title='bbox 1162 2676 1527 2738; x_wconf 89' lang='lat' dir='ltr'><strong>iterandum</strong></span> <span class='ocrx_word' id='word_1_83' title='bbox 1578 2676 1682 2737; x_wconf 91' lang='lat' dir='ltr'><strong>sit.</strong></span> <span class='ocrx_word' id='word_1_84' title='bbox 2711 2712 2772 2758; x_wconf 86' lang='lat'><strong>15</strong></span> 
     </span>
    </p>
   </div>
   <div class='ocr_carea' id='block_1_4' title="bbox 537 2782 2681 3187">
    <p class='ocr_par' dir='ltr' id='par_1_4' title="bbox 589 2782 2679 2971">
     <span class='ocr_line' id='line_1_16' title="bbox 621 2782 2679 2864; baseline 0.001 -19"><span class='ocrx_word' id='word_1_85' title='bbox 621 2783 704 2845; x_wconf 91' lang='lat' dir='ltr'><strong>X.</strong></span> <span class='ocrx_word' id='word_1_86' title='bbox 759 2783 977 2864; x_wconf 88' lang='lat' dir='ltr'><strong>Quem</strong></span> <span class='ocrx_word' id='word_1_87' title='bbox 1009 2784 1093 2846; x_wconf 93' lang='lat' dir='ltr'><strong>ad</strong></span> <span class='ocrx_word' id='word_1_88' title='bbox 1122 2783 1395 2844; x_wconf 89' lang='lat' dir='ltr'><strong>modum</strong></span> <span class='ocrx_word' id='word_1_89' title='bbox 1420 2782 1882 2845; x_wconf 85' lang='lat' dir='ltr'><strong>frumentarius</strong></span> <span class='ocrx_word' id='word_1_90' title='bbox 1910 2802 2068 2864; x_wconf 88' lang='lat' dir='ltr'><strong>ager</strong></span> <span class='ocrx_word' id='word_1_91' title='bbox 2091 2785 2555 2847; x_wconf 89' lang='lat' dir='ltr'><strong>stercorandus</strong></span> <span class='ocrx_word' id='word_1_92' title='bbox 2580 2787 2679 2847; x_wconf 89' lang='lat' dir='ltr'><strong>sit.</strong></span> 
     </span>
     <span class='ocr_line' id='line_1_17' title="bbox 589 2890 1653 2971; baseline -0.001 -19"><span class='ocrx_word' id='word_1_93' title='bbox 589 2891 703 2954; x_wconf 91' lang='lat' dir='ltr'><strong>XI.</strong></span> <span class='ocrx_word' id='word_1_94' title='bbox 756 2892 860 2952; x_wconf 92' lang='lat' dir='ltr'><strong>De</strong></span> <span class='ocrx_word' id='word_1_95' title='bbox 907 2891 1231 2953; x_wconf 90' lang='lat' dir='ltr'><strong>seminum</strong></span> <span class='ocrx_word' id='word_1_96' title='bbox 1280 2890 1653 2971; x_wconf 68' lang='lat' dir='ltr'><strong>generibus</strong></span> 
     </span>
    </p>

    <p class='ocr_par' dir='ltr' id='par_1_5' title="bbox 556 2996 1717 3078">
     <span class='ocr_line' id='line_1_18' title="bbox 556 2996 1717 3078; baseline -0.002 -19"><span class='ocrx_word' id='word_1_97' title='bbox 556 2997 704 3061; x_wconf 91' lang='lat' dir='ltr'><strong>XII.</strong></span> <span class='ocrx_word' id='word_1_98' title='bbox 756 2998 860 3059; x_wconf 95' lang='lat' dir='ltr'><strong>De</strong></span> <span class='ocrx_word' id='word_1_99' title='bbox 908 2996 1320 3078; x_wconf 89' lang='lat' dir='ltr'><strong>temporibus</strong></span> <span class='ocrx_word' id='word_1_100' title='bbox 1365 2997 1717 3059; x_wconf 90' lang='lat' dir='ltr'><strong>sationum.</strong></span> 
     </span>
    </p>

    <p class='ocr_par' dir='ltr' id='par_1_6' title="bbox 537 3103 2681 3187">
     <span class='ocr_line' id='line_1_19' title="bbox 537 3103 2681 3187; baseline 0 -20"><span class='ocrx_word' id='word_1_101' title='bbox 537 3105 716 3167; x_wconf 90' lang='lat' dir='ltr'><strong>XIII.</strong></span> <span class='ocrx_word' id='word_1_102' title='bbox 768 3103 1105 3187; x_wconf 90' lang='lat' dir='ltr'><strong>Quantum</strong></span> <span class='ocrx_word' id='word_1_103' title='bbox 1138 3105 1377 3186; x_wconf 89' lang='lat' dir='ltr'><strong>cuique</strong></span> <span class='ocrx_word' id='word_1_104' title='bbox 1409 3104 1679 3166; x_wconf 87' lang='lat' dir='ltr'><strong>seminis</strong></span> <span class='ocrx_word' id='word_1_105' title='bbox 1711 3105 1776 3167; x_wconf 94' lang='lat' dir='ltr'><strong>in</strong></span> <span class='ocrx_word' id='word_1_106' title='bbox 1808 3105 2103 3186; x_wconf 87' lang='lat' dir='ltr'><strong>iugerum</strong></span> <span class='ocrx_word' id='word_1_107' title='bbox 2137 3106 2551 3169; x_wconf 89' lang='lat' dir='ltr'><strong>adiciendum</strong></span> <span class='ocrx_word' id='word_1_108' title='bbox 2579 3108 2681 3168; x_wconf 88' lang='lat' dir='ltr'><strong>sit.</strong></span> 
     </span>
    </p>
   </div>
   <div class='ocr_carea' id='block_1_5' title="bbox 425 3336 2687 3580">
    <p class='ocr_par' dir='ltr' id='par_1_7' title="bbox 425 3336 2687 3580">
     <span class='ocr_line' id='line_1_20' title="bbox 602 3336 2687 3398; baseline 0.002 -14"><span class='ocrx_word' id='word_1_109' title='bbox 602 3337 787 3398; x_wconf 85' lang='lat' dir='ltr'><strong>Incipit</strong></span> <span class='ocrx_word' id='word_1_110' title='bbox 846 3337 933 3384; x_wconf 92' lang='lat'>·11·</span> <span class='ocrx_word' id='word_1_111' title='bbox 993 3336 1325 3385; x_wconf 78' lang='lat' dir='ltr'><strong>sementiuus</strong></span> <span class='ocrx_word' id='word_1_112' title='bbox 1354 3336 1529 3384; x_wconf 79' lang='lat' dir='ltr'><strong>·1iber</strong></span> <span class='ocrx_word' id='word_1_113' title='bbox 1575 3338 1838 3385; x_wconf 68' lang='lat' dir='ltr'><strong>secundun</strong></span> <span class='ocrx_word' id='word_1_114' title='bbox 1876 3338 2006 3386; x_wconf 72' lang='lat' dir='ltr'><strong>haec</strong></span> <span class='ocrx_word' id='word_1_115' title='bbox 2045 3339 2275 3388; x_wconf 88' lang='lat' dir='ltr'><strong>continet</strong></span> <span class='ocrx_word' id='word_1_116' title='bbox 2312 3342 2437 3388; x_wconf 83' lang='lat' dir='ltr'><strong>mai.</strong></span> <span class='ocrx_word' id='word_1_117' title='bbox 2476 3340 2614 3387; x_wconf 82' lang='lat' dir='ltr'><strong>rubr.</strong></span> <span class='ocrx_word' id='word_1_118' title='bbox 2653 3344 2687 3389; x_wconf 80' lang='lat' dir='ltr'>S</span> 
     </span>
     <span class='ocr_line' id='line_1_21' title="bbox 427 3425 2684 3478; baseline 0.001 -4"><span class='ocrx_word' id='word_1_119' title='bbox 427 3427 557 3476; x_wconf 82' lang='lat' dir='ltr'><strong>liber</strong></span> <span class='ocrx_word' id='word_1_120' title='bbox 613 3428 878 3475; x_wconf 73' lang='lat' dir='ltr'><strong>secundus</strong></span> <span class='ocrx_word' id='word_1_121' title='bbox 933 3427 1063 3474; x_wconf 73' lang='lat' dir='ltr'><strong>haec</strong></span> <span class='ocrx_word' id='word_1_122' title='bbox 1120 3425 1391 3474; x_wconf 84' lang='lat' dir='ltr'><strong>continent</strong></span> <span class='ocrx_word' id='word_1_123' title='bbox 1427 3428 1467 3474; x_wconf 99' lang='lat' dir='ltr'>A</span> <span class='ocrx_word' id='word_1_124' title='bbox 1514 3427 1649 3474; x_wconf 87' lang='lat' dir='ltr'><strong>liber</strong></span> <span class='ocrx_word' id='word_1_125' title='bbox 1684 3427 1948 3475; x_wconf 69' lang='lat' dir='ltr'><strong>secundus</strong></span> <span class='ocrx_word' id='word_1_126' title='bbox 1986 3428 2115 3475; x_wconf 69' lang='lat' dir='ltr'><strong>haec</strong></span> <span class='ocrx_word' id='word_1_127' title='bbox 2154 3429 2385 3478; x_wconf 88' lang='lat' dir='ltr'><strong>continet</strong></span> <span class='ocrx_word' id='word_1_128' title='bbox 2421 3432 2455 3478; x_wconf 78' lang='lat' dir='ltr'><strong>h</strong></span> <span class='ocrx_word' id='word_1_129' title='bbox 2493 3432 2618 3477; x_wconf 81' lang='lat' dir='ltr'><strong>mai.</strong></span> <span class='ocrx_word' id='word_1_130' title='bbox 2657 3445 2684 3477; x_wconf 81' lang='lat' dir='ltr'><strong>s</strong></span> 
     </span>
     <span class='ocr_line' id='line_1_22' title="bbox 425 3515 2685 3580; baseline 0.002 -17"><span class='ocrx_word' id='word_1_131' title='bbox 425 3515 603 3577; x_wconf 82' lang='lat' dir='ltr'><strong>incipit</strong></span> <span class='ocrx_word' id='word_1_132' title='bbox 642 3518 906 3565; x_wconf 73' lang='lat' dir='ltr'><strong>secundus</strong></span> <span class='ocrx_word' id='word_1_133' title='bbox 945 3517 1072 3564; x_wconf 85' lang='lat' dir='ltr'><strong>mai.</strong></span> <span class='ocrx_word' id='word_1_134' title='bbox 1112 3515 1253 3563; x_wconf 83' lang='lat' dir='ltr'><strong>rubr.</strong></span> <span class='ocrx_word' id='word_1_135' title='bbox 1292 3529 1345 3564; x_wconf 86' lang='lat' dir='ltr'><strong>m</strong></span> <span class='ocrx_word' id='word_1_136' title='bbox 1384 3517 1649 3564; x_wconf 73' lang='lat' dir='ltr'><strong>secundus</strong></span> <span class='ocrx_word' id='word_1_137' title='bbox 1687 3515 1867 3578; x_wconf 87' lang='lat' dir='ltr'><strong>incipit</strong></span> <span class='ocrx_word' id='word_1_138' title='bbox 1904 3516 1955 3563; x_wconf 92' lang='lat' dir='ltr'><strong>in</strong></span> <span class='ocrx_word' id='word_1_139' title='bbox 1993 3532 2099 3577; x_wconf 89' lang='lat' dir='ltr'><strong>quo</strong></span> <span class='ocrx_word' id='word_1_140' title='bbox 2137 3518 2266 3567; x_wconf 69' lang='lat' dir='ltr'><strong>haec</strong></span> <span class='ocrx_word' id='word_1_141' title='bbox 2305 3526 2427 3567; x_wconf 73' lang='lat' dir='ltr'><strong>sunt</strong></span> <span class='ocrx_word' id='word_1_142' title='bbox 2450 3521 2483 3567; x_wconf 69' lang='grc' dir='ltr'><strong>εἰ</strong></span> <span class='ocrx_word' id='word_1_143' title='bbox 2510 3519 2685 3580; x_wconf 88' lang='lat' dir='ltr'><strong>incipit</strong></span> 
     </span>
    </p>
   </div>
   <div class='ocr_carea' id='block_1_6' title="bbox 418 3605 2682 3938">
    <p class='ocr_par' dir='ltr' id='par_1_8' title="bbox 425 3605 2682 3760">
     <span class='ocr_line' id='line_1_23' title="bbox 425 3605 2682 3671; baseline 0 -18"><span class='ocrx_word' id='word_1_144' title='bbox 425 3606 697 3654; x_wconf 73' lang='lat' dir='ltr'><strong>secundus</strong></span> <span class='ocrx_word' id='word_1_145' title='bbox 733 3608 799 3654; x_wconf 88' lang='lat' dir='ltr'><strong>de</strong></span> <span class='ocrx_word' id='word_1_146' title='bbox 839 3621 897 3654; x_wconf 86' lang='lat' dir='ltr'><strong>re</strong></span> <span class='ocrx_word' id='word_1_147' title='bbox 940 3606 1134 3654; x_wconf 70' lang='lat' dir='ltr'><strong>rustica</strong></span> <span class='ocrx_word' id='word_1_148' title='bbox 1171 3607 1189 3653; x_wconf 91' lang='grc' dir='ltr'>Ι</span> <span class='ocrx_word' id='word_1_149' title='bbox 1227 3605 1405 3667; x_wconf 87' lang='lat' dir='ltr'><strong>incipit</strong></span> <span class='ocrx_word' id='word_1_150' title='bbox 1437 3605 1470 3652; x_wconf 93' lang='grc'><strong>1.</strong></span> <span class='ocrx_word' id='word_1_151' title='bbox 1497 3605 1561 3653; x_wconf 87' lang='grc' dir='ltr'><strong>ΙΙ.</strong></span> <span class='ocrx_word' id='word_1_152' title='bbox 1588 3606 1655 3654; x_wconf 84' lang='lat' dir='ltr'><strong>de</strong></span> <span class='ocrx_word' id='word_1_153' title='bbox 1679 3605 1953 3655; x_wconf 73' lang='lat' dir='ltr'><strong>sementib.</strong></span> <span class='ocrx_word' id='word_1_154' title='bbox 1981 3608 2107 3655; x_wconf 86' lang='lat' dir='ltr'><strong>mai.</strong></span> <span class='ocrx_word' id='word_1_155' title='bbox 2135 3611 2162 3656; x_wconf 78' lang='lat' dir='ltr'><strong>t</strong></span> <span class='ocrx_word' id='word_1_156' title='bbox 2305 3610 2682 3671; x_wconf 77' lang='lat' dir='ltr'><strong>inscriptionem</strong></span> 
     </span>
     <span class='ocr_line' id='line_1_24' title="bbox 425 3695 870 3760; baseline 0.002 -19"><span class='ocrx_word' id='word_1_157' title='bbox 425 3710 527 3742; x_wconf 83' lang='lat' dir='ltr'><strong>om.</strong></span> <span class='ocrx_word' id='word_1_158' title='bbox 568 3700 612 3744; x_wconf 72' lang='grc' dir='ltr'><strong>Β</strong></span> <span class='ocrx_word' id='word_1_159' title='bbox 646 3695 870 3760; x_wconf 73' lang='lat' dir='ltr'><strong>pleriqtae</strong></span> 
     </span>
    </p>

    <p class='ocr_par' dir='ltr' id='par_1_9' title="bbox 418 3783 2680 3938">
     <span class='ocr_line' id='line_1_25' title="bbox 602 3783 2680 3850; baseline 0.002 -19"><span class='ocrx_word' id='word_1_160' title='bbox 602 3783 995 3847; x_wconf 77' lang='lat' dir='ltr'><strong>Argumentum</strong></span> <span class='ocrx_word' id='word_1_161' title='bbox 1050 3784 1172 3832; x_wconf 80' lang='lat' dir='ltr'><strong>libri</strong></span> <span class='ocrx_word' id='word_1_162' title='bbox 1222 3799 1329 3832; x_wconf 80' lang='lat' dir='ltr'><strong>om.</strong></span> <span class='ocrx_word' id='word_1_163' title='bbox 1368 3785 1497 3833; x_wconf 68' lang='lat' dir='ltr'><strong>em</strong></span> <span class='ocrx_word' id='word_1_164' title='bbox 1539 3784 1609 3831; x_wconf 79' lang='lat' dir='ltr'><strong>al.</strong></span> <span class='ocrx_word' id='word_1_165' title='bbox 1774 3790 1986 3832; x_wconf 80' lang='lat' dir='ltr'><strong>ceterum</strong></span> <span class='ocrx_word' id='word_1_166' title='bbox 2035 3783 2115 3847; x_wconf 84' lang='lat' dir='ltr'><strong>cfr</strong></span> <span class='ocrx_word' id='word_1_167' title='bbox 2162 3793 2277 3849; x_wconf 80' lang='lat' dir='ltr'><strong>app.</strong></span> <span class='ocrx_word' id='word_1_168' title='bbox 2316 3787 2422 3835; x_wconf 82' lang='lat' dir='ltr'><strong>crit.</strong></span> <span class='ocrx_word' id='word_1_169' title='bbox 2462 3785 2536 3833; x_wconf 91' lang='lat' dir='ltr'><strong>ad</strong></span> <span class='ocrx_word' id='word_1_170' title='bbox 2566 3802 2680 3850; x_wconf 83' lang='lat' dir='ltr'><strong>arg.</strong></span> 
     </span>
     <span class='ocr_line' id='line_1_26' title="bbox 418 3870 2148 3938; baseline 0.002 -19"><span class='ocrx_word' id='word_1_171' title='bbox 418 3873 505 3921; x_wconf 80' lang='lat' dir='ltr'><strong>lib.</strong></span> <span class='ocrx_word' id='word_1_172' title='bbox 544 3872 579 3920; x_wconf 87' lang='grc' dir='ltr'><strong><em>Ι</em></strong></span> <span class='ocrx_word' id='word_1_173' title='bbox 730 3889 975 3921; x_wconf 77' lang='lat' dir='ltr'><strong>numeros</strong></span> <span class='ocrx_word' id='word_1_174' title='bbox 1012 3874 1067 3921; x_wconf 81' lang='lat' dir='ltr'><strong>in</strong></span> <span class='ocrx_word' id='word_1_175' title='bbox 1100 3873 1350 3938; x_wconf 76' lang='lat' dir='ltr'><strong>plerisque</strong></span> <span class='ocrx_word' id='word_1_176' title='bbox 1386 3872 1527 3921; x_wconf 86' lang='lat' dir='ltr'><strong>codd.</strong></span> <span class='ocrx_word' id='word_1_177' title='bbox 1569 3870 1911 3934; x_wconf 81' lang='lat' dir='ltr'><strong>confuderunt</strong></span> <span class='ocrx_word' id='word_1_178' title='bbox 1943 3874 2148 3923; x_wconf 78' lang='lat' dir='ltr'><strong>librarii</strong></span> 
     </span>
    </p>
   </div>
   <div class='ocr_carea' id='block_1_7' title="bbox 416 3962 2686 4562">
    <p class='ocr_par' dir='ltr' id='par_1_10' title="bbox 416 3962 2686 4562">
     <span class='ocr_line' id='line_1_27' title="bbox 598 3962 2676 4025; baseline 0.002 -16"><span class='ocrx_word' id='word_1_179' title='bbox 598 3977 632 4009; x_wconf 81' lang='lat'><em>2</em></span> <span class='ocrx_word' id='word_1_180' title='bbox 676 3970 943 4012; x_wconf 69' lang='lat' dir='ltr'><strong>stercores</strong></span> <span class='ocrx_word' id='word_1_181' title='bbox 989 3965 1024 4011; x_wconf 83' lang='lat' dir='ltr'>S</span> <span class='ocrx_word' id='word_1_182' title='bbox 1059 3970 1299 4011; x_wconf 70' lang='lat' dir='ltr'><strong>stercora</strong></span> <span class='ocrx_word' id='word_1_183' title='bbox 1333 3962 1385 4021; x_wconf 80' lang='grc' dir='ltr'><strong>(ι</strong></span> <span class='ocrx_word' id='word_1_184' title='bbox 1420 3971 1530 4025; x_wconf 80' lang='lat' dir='ltr'><strong>exp.</strong></span> <span class='ocrx_word' id='word_1_185' title='bbox 1569 3967 1616 4009; x_wconf 77' lang='lat' dir='ltr'><strong>et</strong></span> <span class='ocrx_word' id='word_1_186' title='bbox 1651 3970 1768 4012; x_wconf 74' lang='lat' dir='ltr'><strong>etur</strong></span> <span class='ocrx_word' id='word_1_187' title='bbox 1805 3962 1925 4010; x_wconf 90' lang='lat' dir='ltr'><strong>add.</strong></span> <span class='ocrx_word' id='word_1_188' title='bbox 1965 3980 2035 4010; x_wconf 86' lang='lat' dir='ltr'><strong>m.</strong></span> <span class='ocrx_word' id='word_1_189' title='bbox 2074 3968 2188 4021; x_wconf 79' lang='lat' dir='ltr'><strong>rec.)</strong></span> <span class='ocrx_word' id='word_1_190' title='bbox 2215 3967 2255 4013; x_wconf 91' lang='lat' dir='ltr'>A</span> <span class='ocrx_word' id='word_1_191' title='bbox 2293 3972 2617 4014; x_wconf 85' lang='lat' dir='ltr'><strong>stercoretur</strong></span> <span class='ocrx_word' id='word_1_192' title='bbox 2643 3971 2676 4014; x_wconf 73' lang='lat' dir='ltr'>f</span> 
     </span>
     <span class='ocr_line' id='line_1_28' title="bbox 416 4052 2682 4117; baseline 0.001 -18"><span class='ocrx_word' id='word_1_193' title='bbox 416 4058 559 4099; x_wconf 81' lang='lat' dir='ltr'><strong>terre</strong></span> <span class='ocrx_word' id='word_1_194' title='bbox 598 4053 638 4100; x_wconf 83' lang='lat' dir='ltr'><strong>b</strong></span> <span class='ocrx_word' id='word_1_195' title='bbox 669 4059 847 4100; x_wconf 74' lang='lat' dir='ltr'><strong>terrae</strong></span> <span class='ocrx_word' id='word_1_196' title='bbox 887 4067 1001 4115; x_wconf 88' lang='lat' dir='ltr'><strong>arg.</strong></span> <span class='ocrx_word' id='word_1_197' title='bbox 1034 4060 1087 4115; x_wconf 83' lang='lat' dir='ltr'><strong>p.</strong></span> <span class='ocrx_word' id='word_1_198' title='bbox 1126 4052 1159 4099; x_wconf 86' lang='lat'><strong>1.</strong></span> <span class='ocrx_word' id='word_1_199' title='bbox 1198 4052 1281 4100; x_wconf 81' lang='lat' dir='ltr'><strong>XI</strong></span> <span class='ocrx_word' id='word_1_200' title='bbox 1459 4067 1491 4113; x_wconf 82' lang='grc'>3</span> <span class='ocrx_word' id='word_1_201' title='bbox 1532 4052 1691 4112; x_wconf 90' lang='lat' dir='ltr'><strong>Quod</strong></span> <span class='ocrx_word' id='word_1_202' title='bbox 1719 4055 1793 4101; x_wconf 87' lang='lat' dir='ltr'><strong>SA</strong></span> <span class='ocrx_word' id='word_1_203' title='bbox 1940 4071 1970 4113; x_wconf 82' lang='lat'>4</span> <span class='ocrx_word' id='word_1_204' title='bbox 2012 4054 2169 4114; x_wconf 84' lang='lat' dir='ltr'><strong>Quod</strong></span> <span class='ocrx_word' id='word_1_205' title='bbox 2194 4056 2269 4102; x_wconf 84' lang='lat' dir='ltr'><strong>SA</strong></span> <span class='ocrx_word' id='word_1_206' title='bbox 2391 4070 2425 4115; x_wconf 91' lang='lat'><strong>9</strong></span> <span class='ocrx_word' id='word_1_207' title='bbox 2458 4061 2575 4117; x_wconf 77' lang='lat' dir='ltr'><strong>post</strong></span> <span class='ocrx_word' id='word_1_208' title='bbox 2610 4055 2682 4102; x_wconf 89' lang='lat' dir='ltr'><strong>di·</strong></span> 
     </span>
     <span class='ocr_line' id='line_1_29' title="bbox 420 4141 2682 4206; baseline 0.001 -18"><span class='ocrx_word' id='word_1_209' title='bbox 420 4150 681 4190; x_wconf 69' lang='lat' dir='ltr'><strong>noscatur</strong></span> <span class='ocrx_word' id='word_1_210' title='bbox 719 4143 945 4206; x_wconf 74' lang='lat' dir='ltr'><strong>sequitur</strong></span> <span class='ocrx_word' id='word_1_211' title='bbox 979 4147 1032 4190; x_wconf 84' lang='lat' dir='ltr'><strong>et</strong></span> <span class='ocrx_word' id='word_1_212' title='bbox 1071 4141 1327 4204; x_wconf 69' lang='lat' dir='ltr'><strong>uliginosa</strong></span> <span class='ocrx_word' id='word_1_213' title='bbox 1372 4149 1514 4189; x_wconf 72' lang='lat' dir='ltr'><strong>terra</strong></span> <span class='ocrx_word' id='word_1_214' title='bbox 1551 4143 1758 4189; x_wconf 82' lang='lat' dir='ltr'><strong>omissis</strong></span> <span class='ocrx_word' id='word_1_215' title='bbox 1794 4142 1908 4190; x_wconf 83' lang='lat' dir='ltr'><strong>VIII</strong></span> <span class='ocrx_word' id='word_1_216' title='bbox 1947 4158 2081 4203; x_wconf 76' lang='lat' dir='ltr'><strong>quae</strong></span> <span class='ocrx_word' id='word_1_217' title='bbox 2127 4145 2396 4203; x_wconf 73' lang='lat' dir='ltr'><strong>sequenda</strong></span> <span class='ocrx_word' id='word_1_218' title='bbox 2443 4168 2502 4178; x_wconf 91' lang='lat'>—</span> <span class='ocrx_word' id='word_1_219' title='bbox 2542 4144 2682 4191; x_wconf 78' lang='lat' dir='ltr'><strong>xlm</strong></span> 
     </span>
     <span class='ocr_line' id='line_1_30' title="bbox 418 4226 2503 4296; baseline 0 -17"><span class='ocrx_word' id='word_1_220' title='bbox 418 4245 576 4291; x_wconf 88' lang='lat' dir='ltr'><strong>quem</strong></span> <span class='ocrx_word' id='word_1_221' title='bbox 618 4230 691 4278; x_wconf 75' lang='lat' dir='ltr'><strong>nd</strong></span> <span class='ocrx_word' id='word_1_222' title='bbox 736 4232 947 4279; x_wconf 87' lang='lat' dir='ltr'><strong>modum</strong></span> <span class='ocrx_word' id='word_1_223' title='bbox 987 4231 1294 4279; x_wconf 81' lang='lat' dir='ltr'><strong>emendetur</strong></span> <span class='ocrx_word' id='word_1_224' title='bbox 1330 4233 1471 4279; x_wconf 72' lang='lat' dir='ltr'><strong>:nin</strong></span> <span class='ocrx_word' id='word_1_225' title='bbox 1508 4233 1662 4291; x_wconf 61' lang='lat' dir='ltr'><strong>§Anu</strong></span> <span class='ocrx_word' id='word_1_226' title='bbox 1697 4226 1913 4289; x_wconf 76' lang='lat' dir='ltr'><strong>(omissa</strong></span> <span class='ocrx_word' id='word_1_227' title='bbox 1960 4231 2080 4280; x_wconf 86' lang='lat' dir='ltr'><strong>add.</strong></span> <span class='ocrx_word' id='word_1_228' title='bbox 2120 4234 2174 4280; x_wconf 85' lang='lat' dir='ltr'><strong>in</strong></span> <span class='ocrx_word' id='word_1_229' title='bbox 2213 4248 2387 4296; x_wconf 86' lang='lat' dir='ltr'><strong>marg.</strong></span> <span class='ocrx_word' id='word_1_230' title='bbox 2425 4227 2503 4287; x_wconf 67' lang='grc' dir='ltr'><strong>(Ρ)</strong></span> 
     </span>
     <span class='ocr_line' id='line_1_31' title="bbox 428 4319 2686 4384; baseline 0 -18"><span class='ocrx_word' id='word_1_231' title='bbox 428 4333 487 4379; x_wconf 84' lang='lat'><strong>¹7</strong></span> <span class='ocrx_word' id='word_1_232' title='bbox 547 4319 645 4367; x_wconf 84' lang='lat' dir='ltr'><strong>XI.</strong></span> <span class='ocrx_word' id='word_1_233' title='bbox 708 4319 785 4367; x_wconf 88' lang='lat' dir='ltr'><strong>De</strong></span> <span class='ocrx_word' id='word_1_234' title='bbox 841 4319 1102 4368; x_wconf 73' lang='lat' dir='ltr'><strong>seminum</strong></span> <span class='ocrx_word' id='word_1_235' title='bbox 1142 4320 1424 4383; x_wconf 79' lang='lat' dir='ltr'><strong>generibus</strong></span> <span class='ocrx_word' id='word_1_236' title='bbox 1461 4335 1567 4368; x_wconf 83' lang='lat' dir='ltr'><strong>om.</strong></span> <span class='ocrx_word' id='word_1_237' title='bbox 1606 4319 1749 4368; x_wconf 86' lang='lat' dir='ltr'><strong>codd.</strong></span> <span class='ocrx_word' id='word_1_238' title='bbox 1782 4326 1983 4382; x_wconf 77' lang='lat' dir='ltr'><strong>praeter</strong></span> <span class='ocrx_word' id='word_1_239' title='bbox 2017 4325 2043 4371; x_wconf 80' lang='lat' dir='ltr'><strong>t</strong></span> <span class='ocrx_word' id='word_1_240' title='bbox 2077 4319 2178 4383; x_wconf 85' lang='lat' dir='ltr'><strong>(cfr</strong></span> <span class='ocrx_word' id='word_1_241' title='bbox 2212 4327 2381 4370; x_wconf 82' lang='lat' dir='ltr'><strong>autem</strong></span> <span class='ocrx_word' id='word_1_242' title='bbox 2422 4337 2534 4384; x_wconf 68' lang='lat' dir='ltr'><strong>arg.</strong></span> <span class='ocrx_word' id='word_1_243' title='bbox 2569 4327 2686 4384; x_wconf 75' lang='lat' dir='ltr'><strong>pose</strong></span> 
     </span>
     <span class='ocr_line' id='line_1_32' title="bbox 420 4407 1992 4475; baseline 0.001 -20"><span class='ocrx_word' id='word_1_244' title='bbox 420 4407 505 4456; x_wconf 84' lang='lat' dir='ltr'><strong>lib.</strong></span> <span class='ocrx_word' id='word_1_245' title='bbox 544 4407 656 4467; x_wconf 82' lang='lat' dir='ltr'><strong>XI)</strong></span> <span class='ocrx_word' id='word_1_246' title='bbox 810 4423 873 4469; x_wconf 84' lang='lat'><strong>19</strong></span> <span class='ocrx_word' id='word_1_247' title='bbox 913 4410 1162 4475; x_wconf 74' lang='lat' dir='ltr'><strong>cuiusque</strong></span> <span class='ocrx_word' id='word_1_248' title='bbox 1198 4424 1225 4459; x_wconf 75' lang='lat' dir='ltr'><strong>s</strong></span> <span class='ocrx_word' id='word_1_249' title='bbox 1370 4409 1438 4458; x_wconf 77' lang='lat' dir='ltr'><strong>sit</strong></span> <span class='ocrx_word' id='word_1_250' title='bbox 1474 4424 1580 4457; x_wconf 87' lang='lat' dir='ltr'><strong>om.</strong></span> <span class='ocrx_word' id='word_1_251' title='bbox 1613 4416 1744 4472; x_wconf 81' lang='lat' dir='ltr'><strong>post.</strong></span> <span class='ocrx_word' id='word_1_252' title='bbox 1783 4410 1868 4457; x_wconf 81' lang='lat' dir='ltr'><strong>tib.</strong></span> <span class='ocrx_word' id='word_1_253' title='bbox 1909 4410 1992 4457; x_wconf 87' lang='lat' dir='ltr'><strong>XI</strong></span> 
     </span>
     <span class='ocr_line' id='line_1_33' title="bbox 421 4514 1866 4562; baseline 0.001 -15"><span class='ocrx_word' id='word_1_254' title='bbox 421 4531 443 4562; x_wconf 78' lang='lat'><strong>⁴</strong></span> <span class='ocrx_word' id='word_1_255' title='bbox 1835 4514 1866 4548; x_wconf 61' lang='grc' dir='ltr'><strong>ο</strong></span> 
     </span>
    </p>
   </div>
   <div class='ocr_carea' id='block_1_8' title="bbox 274 5062 2814 5536">
    <p class='ocr_par' dir='ltr' id='par_1_11' title="bbox 274 5062 2814 5536">
     <span class='ocr_line' id='line_1_34' title="bbox 274 5062 2814 5536; baseline 0 23"><span class='ocrx_word' id='word_1_256' title='bbox 274 5062 2814 5536; x_wconf 95' lang='lat' dir='ltr'><strong> </strong></span> 
     </span>
    </p>
   </div>
  </div>
 </body>
</html>
