3109 5559
19 1992 27 2125 l

18 2926 27 3169 l

20 3470 27 3535 fi

936 381 1033 423 κει
1082 380 1389 423 κνετιςΑε
1436 381 1552 423 un.
1603 380 1639 422 n
1687 387 1730 417 c.
1777 386 1839 419 10
2417 366 2494 419 81

224 540 399 615 e'xit,
474 541 744 622 -locique
813 541 1185 622 proprietas
1251 541 1586 621 utriusque
1631 559 1857 602 semen
1905 552 2277 613 conmutat;
2327 560 2503 602 nam·

226 670 367 732 que
417 651 491 711 in
541 650 670 710 alio
715 648 863 711 solo
912 668 1067 729 rapa
1117 647 1384 710 biennio
1431 658 1577 709 sata
1623 658 2098 710 conuertuntur
2137 648 2202 709 in
2237 644 2504 730 napum,

227 760 294 819 in
374 757 518 818 alio
588 776 800 836 napus
867 774 1172 834 raporum
1244 755 1487 834 accipit
1541 755 1856 835 speciem.
1952 755 2156 835 riguis
2203 754 2367 819 locis
2412 740 2506 818 utss

228 885 525 945 rumque
572 876 747 925 recte
794 863 882 924 ab
928 861 1211 925 solstitio
1266 863 1521 937 seritur,
1554 863 1751 924 siccis
1781 860 2009 924 ultima
2043 874 2228 941 parte
2262 865 2507 926 mensis

177 972 540 1053 5Augusti
586 971 715 1035 ,uel
767 971 976 1050 prima
1024 968 1460 1049 Septembris.
1553 968 1902 1031 subactum
1950 968 2162 1031 solum
2214 970 2508 1051 pluribus

230 1078 712 1141 iterationibus
781 1078 973 1139 aratri
1046 1076 1150 1138 uel
1222 1078 1411 1138 rastri
1483 1075 1801 1159 largoque
1857 1088 2149 1140 stercore
2196 1078 2503 1140 satiatum

232 1184 617 1266 postulant;
691 1204 845 1246 nam
905 1184 973 1245 id
1040 1183 1389 1265 plurimum
1438 1182 1655 1257 refert,
1706 1204 1836 1245 non
1884 1183 2095 1246 solum
2145 1185 2326 1265 quod
2375 1205 2615 1266 me·24

234 1292 365 1355 lius
438 1298 522 1353 ea
593 1292 1006 1371 proueniunt,
1078 1292 1197 1352 sed
1268 1292 1451 1372 quod
1478 1292 1700 1352 'etiam
1751 1300 1903 1372 post
1952 1290 2231 1354 fructum
2280 1313 2506 1357 eorum

234 1402 339 1463 sic
384 1412 741 1462 tractatum
798 1399 997 1459 etiam
1047 1396 1261 1460 solum
1311 1409 1582 1479 segetes
1629 1399 1890 1478 opimas
1938 1398 2114 1460 facit.
2209 1401 2506 1481 iugerum

157 1540 216 1571 10
238 1510 387 1588 agri
442 1528 576 1569 non
627 1506 911 1587 amplius
957 1515 1267 1586 quattuor
1313 1506 1626 1567 sextariis
1672 1525 1978 1585 raporum
2018 1508 2292 1569 seminis
2321 1510 2508 1572 obse·

239 1617 525 1678 rendum
591 1625 723 1690 est3
781 1625 1016 1694 quarta
1065 1624 1253 1694 parte
1299 1612 1582 1694 amplius
1631 1614 1780 1694 napi
1831 1615 2303 1694 spargendum,
2352 1620 2509 1697 quia

240 1742 375 1784 non
432 1724 497 1783 in
547 1731 841 1783 uentrem
892 1719 1171 1795 latescit,
1220 1720 1340 1781 sed
1380 1732 1649 1782 tenuem
1687 1720 1974 1782 radicem
2007 1721 2317 1786 deorsum
2349 1727 2506 1805 agit.

428 1828 657 1910 Atque
726 1828 891 1891 haec
960 1829 1301 1890 hominum
1371 1846 1571 1889 causa
1637 1829 1922 1890 serenda
1984 1848 2353 1905 censemuS,
2401 1831 2510 1895 illa

242 1938 495 1999 deinde
563 1938 891 2016 pecudum
958 1933 1347 2016 pabulorum
1411 1954 1658 2014 genera
1704 1935 2042 2017 conplura,
2091 1939 2262 2001 sicut
2305 1938 2510 2002 Medi·

164 2075 222 2121 15
244 2063 421 2119 cam,
495 2045 753 2120 niciam,
826 2043 1217 2123 farraginem
1289 2061 1555 2122 quoque
1622 2042 2043 2106 hordeaciam
2091 2058 2159 2107 et
2206 2066 2507 2123 auenam,

248 2151 519 2214 faenum
568 2150 899 2213 Graecum
947 2170 1075 2212 nec
1118 2152 1333 2213 minus
1379 2170 1610 2212 eruum
1654 2162 1722 2212 et
1753 2152 2065 2226 ciceram;
2103 2173 2256 2215 nam
2288 2165 2510 2217 cetera

249 2278 470 2340 neque
516 2277 901 2320 enumerare
947 2269 1015 2319 et
1062 2258 1279 2319 minus
1316 2276 1536 2320 serere
1567 2258 1937 2338 dignamur,
1970 2271 2258 2342 excepta
2290 2272 2508 2324 tamen

251 2367 493 2446 cytiso,
543 2367 631 2427 de
658 2385 797 2446 qua
822 2365 1123 2427 dicemus
1154 2365 1217 2426 in
1256 2366 1332 2426 iis
1365 2364 1567 2439 libris,
1601 2385 1770 2446 quos
1801 2366 1887 2427 de
1919 2367 2273 2446 generibus
2294 2389 2512 2433 surcu-

253 2472 467 2535 lorum
515 2472 1049 2553 conscripsimuS.
1116 2473 1237 2534 sed
1285 2492 1372 2533 ex
1420 2473 1518 2545 iis,
1579 2492 1752 2553 quae
1808 2472 2092 2554 placent,
2127 2477 2371 2539 eximia
2410 2489 2514 2540 est
2537 2492 2615 2557 25

170 2609 237 2642 20
257 2581 465 2642 herba
480 2580 761 2652 Medica,
779 2580 961 2661 quod
977 2579 1180 2642 semel
1202 2581 1454 2645 seritur,
1478 2580 1713 2642 decern
1734 2582 1927 2643 annis
1949 2582 2256 2645 omnibus
2276 2584 2517 2648 deinde

259 2698 440 2749 recte
486 2697 737 2768 quater,
774 2687 1095 2749 interdum
1130 2689 1331 2749 etiam
1365 2687 1634 2749 sexiens
1665 2687 2038 2755 demetitur.
2073 2692 2251 2771 quod
2287 2712 2514 2774 agrum

257 2805 604 2867 stercorat,
673 2795 858 2875 quod
929 2814 1127 2856 omne
1196 2795 1593 2857 emaciatum
1667 2806 2034 2859 armentum
2106 2818 2192 2859 ex
2254 2819 2334 2861 ea
2382 2801 2517 2880 pin-

262 2903 538 2982 guescit,
601 2901 784 2982 quod
832 2903 1207 2982 aegrotanti
1254 2903 1479 2982 pecori
1529 2903 1892 2965 remedium
1941 2916 2062 2978 est,
2112 2907 2294 2986 quod
2343 2909 2518 2988 iuge-

264 3028 406 3070 rum
474 3009 617 3071 eius
685 3020 831 3071 toto
897 3029 1077 3072 anno
1141 3009 1349 3071 tribus
1396 3011 1585 3091 equis
1633 3010 1897 3073 abunde
1944 3010 2213 3084 sufficit;
2264 3016 2517 3088 seritur,
2545 3016 2629 3076 26

180 3146 246 3192 25
267 3128 339 3176 ut
405 3116 726 3197 deinceps
797 3117 1300 3196 praecipiemus,
1398 3116 1636 3192 locum,
1693 3119 1756 3179 in
1809 3139 1942 3200 quo
1991 3120 2322 3183 Medicam
2373 3132 2519 3202 pro·

268 3225 449 3283 ximo
499 3243 651 3285 uere
698 3236 960 3285 saturus
1008 3244 1102 3297 es,
1144 3226 1565 3304 ‘proscindito
1612 3227 1786 3287 circa
1833 3225 2173 3289 Kalendas
2207 3227 2521 3291 Octobris

456 3383 471 3413 1
518 3373 804 3416 commutat
838 3369 960 3418 SAR
1107 3383 1139 3429 3
1179 3376 1437 3432 utrunque
1476 3371 1519 3417 Β
1678 3373 1713 3418 6
1752 3370 1875 3417 rasti
1913 3373 1947 3418 S
1985 3388 2014 3417 3
2053 3372 2105 3418 in
2147 3373 2217 3417 in.
2259 3389 2311 3420 u.
2349 3389 2441 3420 scr.
2481 3380 2526 3419 et

271 3464 377 3517 exp.
407 3462 523 3503 ante
546 3458 639 3504 lac.
667 3457 898 3513 membr„
935 3458 1162 3523 sequitur
1198 3459 1351 3507 rastri
1392 3462 1429 3506 A
1577 3460 1824 3507 sauciatum
1863 3458 1911 3517 (c
1952 3462 2005 3507 e‘n
2046 3470 2062 3507 t
2102 3468 2226 3507 mut.
2269 3478 2338 3507 m.
2363 3471 2440 3523 pr.
2469 3469 2526 3510 ut

274 3544 403 3593 uid.)
436 3549 472 3593 8
623 3562 682 3594 ro
720 3553 943 3613 quatuor
985 3550 1026 3595 Β
1063 3547 1257 3611 aluissent
1432 3564 1485 3595 11
1538 3549 1656 3610 napi
1694 3552 1728 3596 S
1766 3551 1913 3610 napis
1952 3551 2035 3598 ΑΒ
2182 3552 2300 3615 qnia
2338 3554 2372 3597 S
2408 3566 2447 3616 q
2486 3555 2519 3600 A

274 3633 359 3696 qui
399 3638 447 3683 Β
574 3651 631 3695 14
675 3636 945 3696 complura
973 3640 1014 3685 Β
1202 3651 1260 3696 15
1302 3638 1486 3685 uictam
1529 3631 1624 3686 Μ’
1667 3638 1840 3686 uitium
1881 3643 1922 3687 Β
1960 3640 2152 3703 aliquot
2338 3642 2524 3688 horde-

276 3737 447 3771 aceam
489 3729 528 3773 Β
562 3725 784 3787 plerique
954 3728 1013 3773 16
1052 3726 1271 3774 cicerum
1299 3730 1370 3775 SA
1412 3727 1720 3775 cicerculam
1748 3728 1831 3774 uel
1853 3729 2122 3776 cicerclnm
2163 3731 2242 3775 uel
2266 3730 2521 3778 cit-erdnm

276 3815 317 3860 Β
466 3829 519 3873 17
560 3821 613 3863 et
648 3810 811 3863 sAd¹s
852 3831 946 3862 nec
988 3819 1029 3864 Β
1066 3832 1170 3862 nm.
1200 3819 1285 3864 bm
1436 3817 1710 3878 dignamur
1746 3813 1910 3865 sAd¹s
1962 3818 2301 3879 dedignamur
2340 3823 2382 3868 Β

285 3902 343 3947 18
381 3901 443 3949 iis
477 3905 511 3950 d
550 3904 630 3951 his
665 3905 785 3952 SAR
936 3918 999 3964 ¹9
1036 3905 1356 3952 sulculorum
1385 3906 1482 3967 (pr.
1513 3906 1525 3951 Ι
1555 3908 1608 3953 in
1638 3922 1663 3953 r
1689 3911 1816 3954 mut.
1845 3922 1915 3952 m.
1943 3908 2059 3963 uei.)
2085 3909 2122 3955 A
2270 3923 2364 3956 sex
2391 3908 2442 3967 (x
2472 3914 2522 3954 in

280 3989 310 4033 d
350 3994 494 4045 mut.)
528 3994 562 4039 8
598 3992 654 4040 (x
689 4001 799 4054 exp.
837 3999 882 4039 et
917 3995 948 4041 d
988 4010 1054 4044 ss.
1096 4011 1165 4039 m.
1194 3996 1307 4041 rec.)
1344 3997 1382 4043 Α
1536 4008 1596 4053 ¹9
1638 3996 1699 4043 iis
1739 3998 1777 4044 Α
1816 3996 1859 4044 is
1886 3998 1919 4043 S
1944 3997 2024 4043 bis
2051 4000 2092 4044 Β
2239 4012 2307 4044 30
2333 3998 2526 4046 seritur

281 4081 321 4126 Β
357 4087 602 4129 seruntur
637 4083 710 4130 SA
892 4083 1073 4131 decem
1112 4086 1146 4131 S
1184 4083 1234 4130 X
1270 4085 1355 4132 ΑΒ
1501 4099 1564 4131 31
1608 4091 1854 4149 quattuor
1891 4087 1969 4131 uel
2005 4095 2229 4149 quatuor
2265 4092 2305 4135 Β
2334 4088 2527 4147 aliquot

465 4185 530 4230 24
593 4171 670 4218 ius
725 4180 780 4219 to
838 4171 888 4228 (e
944 4190 986 4218 s.
1025 4189 1075 4219 u.
1114 4179 1233 4219 ante
1269 4173 1283 4219 i
1321 4178 1365 4217 et
1401 4184 1455 4220 to
1494 4190 1533 4219 s.
1577 4191 1627 4219 u.
1663 4180 1778 4235 post
1815 4181 1869 4222 to
1906 4190 2002 4220 scr.
2043 4191 2111 4220 m.
2153 4176 2269 4223 uer.)
2309 4178 2347 4225 Δ

286 4271 348 4314 35
385 4259 566 4319 ,pxime
604 4269 653 4306 {e
691 4270 799 4323 exp.
839 4266 885 4307 ee
920 4277 953 4309 o
989 4278 1058 4309 ss.
1099 4279 1169 4308 m.
1209 4264 1324 4317 net.)
1364 4267 1399 4310 ,t
1574 4265 1640 4309 26
1688 4262 1749 4311 kt
1787 4263 1976 4311 octobr
2013 4268 2046 4311 S
2086 4251 2150 4311 kl
2190 4242 2351 4314 octob
2393 4269 2425 4313 A
2470 4267 2528 4313 kt

286 4346 381 4395 (uel
416 4348 505 4397 kl.)
545 4349 774 4398 octobris
819 4348 919 4411 (uel
955 4350 1177 4407 octobr)
1216 4357 1255 4399 Β

292 4463 315 4499 6
