3109 5559
1741 270 1861 336 Rei
1890 271 2170 338 rusticae
2198 271 2312 338 lib.
2348 272 2444 338 IV
2473 294 2530 340 c.
2563 293 2773 341 21—22

414 476 478 525 25
522 468 695 525 uere,
722 447 781 513 si
805 468 943 512 non
966 446 1336 513 adnodatus
1360 469 1577 534 neque
1601 446 1870 514 adrasus
1893 463 2012 527 est,
2040 447 2504 516 uehementem
2527 448 2750 518 fundit
2777 476 2794 517 ι

522 555 705 633 riam;
731 541 902 640 quae
925 574 1080 619 cum
1102 553 1440 620 conualuit
1460 567 1528 620 et
1549 553 1738 640 quasi
1759 554 2105 621 brachium
2127 554 2301 635 fecit,
2327 556 2477 622 licet
2498 572 2645 623 tum
2666 581 2792 645 sup

521 676 738 748 gatam
768 650 1024 747 partem
1056 660 1429 727 duramenti
1460 660 1749 727 recidere
1778 675 1846 728 ct
1875 661 1965 728 ita
1995 662 2315 748 reliquam
2346 662 2501 749 iugo
2532 663 2792 731 subicer

523 767 736 846 multi,
770 780 1124 853 sequentes
1153 768 1604 853 conpendium
1633 768 1972 854 temporiS,
2005 768 2153 834 talis
2183 768 2410 835 uineas
2441 791 2639 856 supra
2671 793 2793 857 qua

523 874 764 960 pedem
794 873 1207 952 detruncant,
1241 873 1405 939 nihil
1436 872 1939 941 reformidantes
1968 875 2293 942 eiusmodi
2326 876 2776 956 resectionem,

412 1011 476 1059 30
519 981 696 1046 niam
736 979 874 1046 fere
913 979 1349 1066 plurimarum
1387 980 1695 1066 stirpium
1734 994 1967 1047 natura
2006 981 2101 1047 sic
2138 1004 2207 1047 se
2247 983 2644 1063 commodat,
2687 997 2762 1050 ut

518 1086 891 1154 cicatricem
930 1086 1210 1152 nouellis
1250 1086 1602 1153 frondibus
1642 1087 2097 1174 repullescant.
2142 1088 2260 1155 sed
2300 1088 2460 1155 haec
2502 1090 2775 1176 quidem

517 1194 793 1260 minime
827 1193 1021 1260 nobis
1054 1193 1285 1280 placet,
1322 1193 1655 1280 siquidem
1686 1194 1933 1261 uastior
1966 1194 2174 1281 plaga,
2211 1195 2337 1261 nisi
2370 1195 2568 1263 habet
2601 1219 2793 1284 super

515 1316 654 1367 tam
678 1300 1013 1366 ualentem
1037 1300 1397 1380 materiam,
1427 1322 1596 1386 quae
1622 1301 1830 1387 possit
1854 1301 2230 1382 inolescere,
2259 1301 2414 1368 solis
2439 1302 2644 1369 halitu
2670 1317 2793 1370 ton

516 1430 674 1474 mox
707 1407 947 1473 deinde
978 1406 1237 1472 roribus
1266 1421 1332 1473 et
1362 1406 1690 1473 imbribus
1719 1409 2056 1494 putrescit.

410 1545 470 1594 35
604 1517 650 1577 6
684 1514 787 1579 Ac
824 1527 1068 1593 tamen,
1108 1535 1265 1579 cum
1300 1528 1399 1581 est
1435 1514 1667 1600 utiquc
1704 1515 1899 1581 uinea
1935 1515 2304 1595 recidenda,
2344 1516 2528 1602 prius
2564 1516 2793 1602 ablaqu

515 1620 759 1688 deinde
781 1620 1054 1707 paulurn
1077 1620 1248 1687 infra
1267 1633 1509 1686 terram
1530 1621 1842 1688 conuenit
1863 1636 2224 1709 amputare,
2249 1637 2324 1688 ut
2346 1623 2710 1709 superiecta
2731 1623 2793 1688 ht

512 1728 654 1795 uim
676 1728 836 1793 solis
856 1740 1071 1793 arceat
1089 1741 1157 1793 ct
1176 1750 1213 1793 e
1235 1727 1566 1793 radicibus
1586 1728 1885 1794 nouellos
1900 1729 2392 1815 prorumpentis
2408 1729 2626 1795 caules
2640 1743 2793 1796 tran:

511 1849 624 1914 tat,
658 1834 780 1921 qui
809 1834 1065 1920 possint
1092 1833 1199 1899 uel
1228 1856 1346 1899 sua
1373 1833 1676 1900 maritare
1705 1834 2060 1901 statumina
2087 1834 2215 1914 uel,
2247 1835 2302 1900 si
2333 1857 2464 1921 qua
2491 1849 2646 1902 sunt
2675 1836 2792 1901 uid

511 1942 915 2029 propinquo,
946 1940 1421 2027 propaginibus
1447 1941 1709 2007 uestire.
1801 1960 1844 2023 7
1886 1940 2047 2008 haec
2073 1955 2296 2008 autem
2323 1942 2413 2008 ita
2439 1940 2582 2008 fieri
2610 1942 2793 2008 debel

411 2078 472 2126 40
510 2049 563 2115 si
589 2048 829 2114 uineae
854 2047 1048 2113 altius
1074 2047 1323 2134 positae
1350 2048 1567 2113 necin
1593 2069 1856 2114 summo
1883 2047 2162 2114 labantis
2187 2048 2437 2114 radices
2461 2047 2793 2116 habebunt

510 2155 670 2222 boni
724 2154 979 2240 generis
1026 2167 1240 2220 erunt.
1293 2176 1581 2240 namque
1631 2154 1815 2220 aliter
1862 2154 1932 2220 in
1981 2176 2241 2220 cassum
2290 2154 2704 2241 dependetur
2751 2179 2791 2222 o

512 2261 833 2349 quoniam
859 2260 1214 2346 degeneres
1239 2261 1437 2326 etiam
1465 2273 1815 2327 renouatae
1841 2261 2196 2347 pristinum
2223 2261 2582 2327 seruabunt
2608 2261 2793 2348 ingen

512 2384 573 2435 at
611 2389 786 2455 quae
825 2388 1085 2432 summa
1121 2380 1304 2453 parte
1341 2380 1549 2433 terrae
1588 2367 1702 2432 uix
1739 2366 2208 2447 adhaerebunt,
2250 2366 2577 2448 deficient,
2618 2382 2793 2435 ante<

320 2528 321 2545 1
511 2473 990 2542 conualescant.
1083 2475 1128 2537 8
1168 2473 1367 2540 altera
1402 2496 1556 2559 ergo
1596 2474 1791 2540 uinea
1826 2473 2182 2540 fructuosis
2220 2474 2441 2562 potius
2478 2475 2756 2541 surculis

322 2654 323 2671 ἢ
412 2611 470 2659 4⁵
512 2582 710 2648 renda
757 2580 903 2659 erit,
952 2579 1152 2647 altera
1195 2579 1499 2646 funditus
1545 2580 1930 2667 extirpanda
1974 2595 2041 2647 et
2084 2581 2449 2660 reserenda,
2499 2581 2553 2647 si
2600 2581 2793 2647 modo

322 2682 323 2685 ¹
512 2687 769 2755 bonitas
804 2686 1128 2780 suadebit;
1162 2687 1351 2753 cuius
1383 2709 1538 2753 cum
1572 2686 1736 2753 uitio
1768 2687 2134 2766 consenuit,
2170 2687 2353 2754 nullo
2385 2687 2587 2754 modo
2621 2688 2793 2754 restit

512 2795 660 2861 dam
703 2815 1075 2862 censemus.

594 2902 759 2969 Loci
798 2922 996 2988 porro
1030 2900 1194 2967 uitia
1227 2914 1402 2980 sunt,
1443 2923 1612 2987 quae
1645 2899 1783 2966 fere
1818 2901 1903 2966 ad
1936 2901 2436 2967 internicionem
2470 2901 2692 2967 uineta
2726 2924 2793 2988 p<

512 3023 684 3088 cunt,
724 3008 972 3075 macies
1008 3021 1077 3074 et
1112 3007 1416 3073 sterilitas
1451 3020 1680 3087 terrae,
1720 3007 1887 3073 salsa
1922 3008 2030 3074 uel
2067 3029 2284 3073 amara
2318 3007 2518 3094 uligo,
2558 3030 2792 3095 praece

420 3140 478 3189 50
514 3127 865 3202 praerupta
907 3113 1170 3201 positio,
1218 3113 1501 3180 nimium
1545 3135 1751 3200 opaca
1794 3128 1861 3180 et
1903 3113 2026 3180 soli
2070 3136 2298 3179 auersa
2341 3114 2564 3194 ualles»,
2612 3113 2793 3180 haret

513 3222 703 3288 etiam
734 3220 921 3288 tofus
953 3220 1061 3286 uel
1094 3220 1247 3307 plus
1278 3221 1454 3286 iusto
1485 3220 1747 3286 ieiunus
1778 3220 2010 3286 sabulo
2043 3242 2165 3285 nec
2197 3220 2419 3286 minus
2451 3233 2710 3286 terreno
2744 3242 2793 3286 c:

514 3348 585 3393 ac
612 3328 793 3394 nuda
823 3326 1041 3414 glarea
1070 3340 1138 3393 et
1168 3327 1222 3393 si
1255 3348 1387 3413 qua
1417 3340 1517 3393 est
1547 3327 1912 3413 proprietas
1942 3326 2193 3406 similis,
2230 3349 2397 3413 quae
2429 3327 2635 3393 uitem
2667 3349 2793 3393 non

513 3452 554 3513 9
594 3448 908 3513 ceterum,
947 3433 1004 3499 si
1039 3447 1231 3499 uacat
1265 3433 1369 3498 his
1403 3446 1470 3499 et
1504 3432 1746 3498 horum
1781 3432 2108 3499 similibus
2142 3433 2601 3512 incommodiS,
2641 3446 2793 3519 pote

498 3540 756 3608 ratione
800 3539 948 3606 fieri
994 3539 1302 3606 restibilis
1346 3539 1560 3619 uinea,
1611 3561 1813 3626 quam
1858 3540 2075 3627 priore
2122 3539 2290 3606 libro
2336 3539 2792 3627 praecepimus

518 3733 800 3787 adnotatus
822 3734 876 3786 R
911 3760 950 3770 -
984 3733 1208 3786 adrasus
1224 3731 1336 3798 ibo
1354 3733 1617 3798 adprasus
1640 3733 1680 3786 S
1701 3734 1991 3799 adprassus
2011 3733 2128 3786 ΑΙιι
2151 3734 2441 3799 adpressus
2462 3733 2600 3786 h'm
2635 3761 2673 3771 -
2708 3745 2793 3787 uat

517 3820 603 3873 SA
633 3849 672 3859 -
705 3824 774 3877 26
800 3834 939 3875 tunc
962 3823 1015 3874 R
1048 3849 1088 3859 -
1123 3836 1192 3887 27
1217 3823 1529 3887 relinquam
1552 3822 1607 3874 A
1639 3849 1677 3859 -
1713 3839 1781 3887 29
1805 3823 2015 3887 pedum
2037 3823 2091 3875 A
2123 3850 2161 3860 -
2198 3840 2258 3887 31
2290 3823 2521 3876 nobellis
2545 3823 2599 3875 A
2631 3850 2669 3859 -
2705 3841 2793 3887 rep

519 3922 637 3962 cant
663 3911 851 3964 SAlnl'¹
880 3912 1239 3977 repollescant
1260 3910 1285 3977 i
1315 3912 1639 3976 repullescat
1667 3911 1750 3963 λσ
1782 3939 1820 3949 -
1856 3928 1923 3976 32
1953 3912 2152 3964 nobilis
2181 3912 2273 3964 SA
2305 3939 2343 3949 -
2378 3913 2543 3965 habet
2572 3929 2670 3964 om.
2702 3912 2793 3964 SA

520 4014 674 4052 umus
694 4000 758 4053 8ι
792 4028 832 4038 -
870 4001 938 4066 38
960 4001 1058 4065 qui
1079 4001 1170 4054 SR
1190 4018 1330 4066 quae
1350 4000 1404 4052 A
1435 4027 1474 4037 -
1509 4017 1581 4065 40
1601 4001 1793 4053 uineae
1813 3999 1960 4066 SAje
1979 4001 2201 4054 uinidae
2223 4000 2428 4066 mli-yn
2447 4002 2678 4054 uinedae
2698 4000 2742 4053 h
2763 4019 2793 4053 u

519 4084 560 4137 ό
588 4088 846 4143 humidae
880 4088 923 4143 b
958 4116 997 4127 -
1029 4107 1096 4155 41
1136 4090 1481 4155 dependetur
1511 4088 1671 4156 h‘ipc
1703 4090 2111 4155 dependentem
2143 4090 2236 4143 SA
2267 4091 2652 4155 dependentur
2682 4089 2793 4142 11¹2

519 4190 583 4237 42
604 4177 896 4242 degeneres
918 4179 1085 4231 etiam
1105 4194 1148 4243 p
1169 4179 1425 4243 degeneri
1447 4179 1518 4231 sit
1538 4180 1691 4231 uiam
1710 4179 1801 4231 SA
1823 4180 1891 4232 de
1912 4196 2109 4243 genere
2130 4180 2201 4231 sit
2223 4181 2389 4232 etiam
2408 4179 2475 4232 11¹
2497 4180 2780 4243 degeneris

512 4259 537 4326 i
553 4263 838 4330 degeneres
857 4268 930 4320 sit
949 4267 1082 4332 (sint
1099 4266 1236 4334 bpc)
1255 4268 1421 4320 etiam
1439 4267 1590 4320 Ιιῑλσ
1623 4295 1660 4305 -
1696 4285 1761 4333 45
1784 4269 2071 4321 rererenda
2089 4269 2140 4320 A
2174 4295 2211 4305 -
2246 4269 2315 4333 46
2334 4269 2658 4321 suadedebit
2674 4268 2728 4320 A
2761 4295 2793 4304 -

521 4354 687 4406 senuit
705 4356 758 4407 R
776 4357 1068 4409 comeubit
1087 4356 1126 4408 S
1146 4357 1438 4409 consueuit
1454 4357 1508 4409 A
1541 4384 1580 4394 -
1614 4358 1684 4421 48
1705 4358 2122 4410 internicionem
2138 4356 2197 4422 ic
2218 4358 2627 4410 internitionem
2646 4357 2789 4409 SAR

520 4449 649 4493 terra
671 4442 797 4496 1220
829 4472 869 4482 -
904 4446 1074 4497 salsae
1098 4444 1207 4511 SAj
1243 4473 1281 4483 -
1316 4463 1528 4497 amarae
1551 4444 1611 4511 Si
1636 4463 1785 4498 mare
1807 4446 1861 4498 A
1892 4473 1931 4483 -
1969 4463 2036 4511 50
2061 4447 2288 4499 aduersa
2305 4445 2408 4513 ipo
2441 4474 2479 4484 -
2516 4463 2577 4511 51
2609 4447 2698 4498 uel
2722 4446 2793 4498 SA

520 4551 555 4563 ·
587 4546 649 4593 52
676 4534 824 4586 nuda
850 4534 904 4586 R
932 4534 1003 4587 da
1030 4534 1122 4587 SA
1156 4561 1194 4571 -
1231 4551 1300 4599 54
1328 4551 1495 4599 quam
1523 4548 1566 4602 γ
1594 4552 1734 4600 quae
1761 4535 1903 4588 SAR
1936 4562 1974 4571 -
2012 4552 2076 4600 55
2107 4536 2217 4588 sint
2243 4536 2296 4587 R
2330 4562 2368 4572 -
2406 4536 2472 4600 56
2500 4535 2793 4588 emendant

521 4616 959 4676 disseremusom.
984 4623 1077 4677 SA
1108 4650 1146 4660 -
1184 4624 1886 4688 57adeamReademSA
