3109 5559
597 559 683 608 25

599 1092 688 1142 30

1998 243 2118 311 Rei
2146 243 2425 310 rusticae
2455 243 2562 310 lib.

737 435 977 509 atque
1018 421 1531 488 adnumerata
1569 421 1726 508 ipsi
1757 420 2324 507 exscripsimus
2356 442 2562 487 eum<

734 541 843 607 ut,
899 529 1457 615 quodcumque
1509 549 1709 614 opus
1760 541 1989 606 esset,
2044 526 2305 607 sciret,
2361 527 2562 593 unde

735 634 1104 701 minisset
1148 648 1383 722 atque
1431 634 1867 713 adnotaret,
1918 632 2111 721 quid
2156 647 2233 700 et
2278 633 2562 720 quand«

735 755 877 821 set,
941 755 1018 808 et
1074 763 1249 807 cum
1297 741 1752 827 recepisset,
1804 754 1889 806 ut
1936 740 2289 827 quidque
2338 761 2478 805 suo
2527 740 2561 805 l<

818 866 866 929 5
911 847 1122 935 Igitur
1164 847 1326 913 haec
1369 846 1564 913 nobis
1607 847 1862 933 antiqui
1906 868 2024 934 per
2071 846 2562 926 <I>schomachi

731 969 928 1041 cepta
967 952 1326 1021 industriae
1367 976 1442 1021 ac
1483 954 1857 1040 diligentiae
1897 953 2330 1032 tradiderunt,
2376 974 2543 1039 quae

735 1061 1288 1127 demonstramus.
1338 1082 1460 1126 nec
1505 1074 1730 1127 tamen
1774 1081 1907 1126 una
1951 1059 2093 1125 eius
2137 1081 2279 1126 esse
2324 1081 2481 1125 cura
2526 1059 2562 1124 d

732 1167 1083 1247 custodiat,
1111 1189 1281 1255 quae
1304 1166 1494 1233 tectis
1518 1166 1719 1233 inlata
1741 1166 2078 1253 receperit,
2105 1166 2222 1232 sed
2246 1165 2530 1232 subinde
2554 1190 2562 1231 π

731 1272 1128 1352 consideret,
1157 1296 1241 1340 ne
1266 1287 1381 1339 aut
1405 1272 1700 1360 supellex
1725 1273 2012 1339 uestisue
2039 1271 2306 1339 condita
2329 1272 2460 1338 situ
2488 1271 2562 1338 di}

731 1380 944 1446 aliaue
966 1380 1270 1446 utensilia
1291 1380 1701 1466 neglegentia
1717 1378 2098 1465 desidiaque
2115 1400 2234 1444 sua
2249 1400 2559 1464 corrump

732 1508 897 1552 uero
924 1486 1181 1566 diebus,
1209 1485 1318 1552 uel
1343 1508 1500 1551 cum
1524 1485 1881 1572 frigoribus
1905 1497 2019 1550 aut
2044 1484 2300 1571 pruinis
2324 1484 2561 1550 mulier

597 1623 678 1674 35
729 1614 906 1679 opus
935 1591 1120 1658 obire
1149 1614 1286 1658 non
1317 1591 1626 1679 potuerit,
1659 1605 1736 1658 ut
1765 1592 1849 1658 ad
1880 1590 2240 1657 lanificium
2268 1589 2562 1657 reducan

605 2688 683 2737 45

612 3221 689 3268 50

731 1700 868 1765 sint
916 1712 982 1764 et
1029 1699 1308 1785 pectitae
1356 1698 1561 1777 lanae,
1612 1720 1750 1785 quo
1795 1697 2051 1764 facilius
2096 1697 2269 1763 iusta
2316 1695 2562 1763 lanifici·

731 1805 993 1892 exigere
1026 1805 1253 1892 possit.
1290 1804 1454 1870 nihil
1487 1805 1667 1871 enim
1698 1803 1983 1883 nocebit,
2019 1803 2074 1869 si
2107 1804 2235 1870 sibi
2266 1817 2465 1890 atque
2498 1825 2562 1869 ac

731 1912 988 1978 honore
1029 1911 1309 1978 seruulis
1349 1910 1552 1977 uestis
1594 1911 1777 1977 domi
1817 1910 2116 1977 confecta
2155 1909 2374 1989 fuerit,
2419 1931 2554 1996 quo

732 2018 954 2084 miliae
985 2018 1269 2084 rationes
1299 2030 1675 2084 onerentur.

824 2144 867 2206 7
913 2124 1090 2190 Illud
1123 2146 1285 2190 uero
1317 2124 1516 2190 etiam
1548 2124 1621 2189 in
1654 2137 2051 2210 perpetuum
2084 2122 2562 2189 custodiendum

735 2231 857 2318 qui
900 2229 1062 2296 foris
1104 2231 1402 2296 rusticari
1445 2229 1804 2309 debebunt,
1851 2252 2006 2296 cum
2049 2230 2181 2295 iam
2222 2251 2259 2295 e
2303 2228 2459 2295 uilla
2501 2228 2562 2295 fa

732 2337 1049 2424 requirat,
1077 2358 1154 2402 ac
1177 2337 1232 2402 si
1259 2337 1429 2424 quis,
1457 2349 1533 2402 ut
1556 2337 1799 2416 euenit,
1827 2357 2054 2401 curam
2078 2335 2562 2402 contubernalis

734 2443 1177 2530 tergiuersans
1242 2442 1567 2522 fefellerit,
1635 2464 1900 2508 causam
1966 2442 2254 2508 desidiae
2320 2441 2562 2507 sciscite

736 2565 967 2615 utrum
1004 2549 1281 2616 aduersa
1317 2548 1682 2616 ualitudine
1720 2548 2043 2614 inhibitus
2081 2547 2390 2614 restiterit
2426 2569 2511 2613 an
2549 2570 2562 2632 1

736 2670 826 2735 et,
874 2656 929 2721 si
974 2656 1369 2742 compererit
1413 2657 1520 2721 uel
1566 2656 1988 2721 simulantem
2032 2654 2435 2740 languorem,
2483 2654 2562 2719 sii

736 2762 1281 2828 ualitudinarium
1308 2762 1613 2841 deducat;
1641 2775 1925 2848 praestat
1949 2761 2129 2826 enim
2154 2782 2352 2847 opere
2378 2759 2562 2845 fatiga

736 2869 1148 2955 requiescere
1190 2891 1402 2934 unum
1444 2882 1557 2934 aut
1598 2869 1876 2934 alterum
1919 2867 2097 2933 diem
2140 2889 2342 2954 quam
2384 2888 2562 2953 press

737 2997 968 3041 ueram
997 2997 1239 3041 noxam
1269 2975 1634 3061 concipere.

834 3084 878 3145 8
920 3081 1229 3168 Denique
1281 3103 1417 3147 uno
1469 3081 1615 3147 loco
1667 3103 1868 3167 quam
1920 3081 2191 3146 minime
2242 3078 2563 3166 oportebit

736 3209 957 3274 neque
993 3188 1173 3254 enim
1210 3186 1576 3254 sedentaria
1610 3187 1753 3252 eius
1788 3208 1987 3273 opera
2023 3200 2141 3266 est,
2182 3186 2299 3252 sed
2336 3185 2537 3252 modo

737 3293 1048 3360 accedere
1079 3315 1174 3373 ac,
1207 3294 1264 3359 si
1295 3293 1459 3380 quid
1490 3294 1726 3359 melius
1756 3294 1936 3372 sciat,
1971 3292 2226 3372 docere,
2260 3292 2313 3358 si
2346 3292 2562 3357 minus

737 3400 860 3487 qui
893 3399 1045 3486 plus
1080 3400 1431 3487 intellegat;
1469 3399 1671 3466 modo
1707 3421 1839 3479 eoS,
1879 3399 1994 3485 qui
2029 3397 2257 3464 cibum
2290 3397 2562 3464 familiae

737 3529 903 3586 sere,
934 3520 1082 3572 tum
1108 3506 1306 3573 etiam
1333 3506 1622 3573 culinam
1649 3520 1713 3572 et
1742 3505 1993 3573 bubilia
2019 3528 2141 3571 nec
2169 3505 2390 3571 minus
2418 3527 2562 3591 prae

741 3894 873 3930 mus
913 3877 967 3929 R
999 3904 1039 3914 -
1073 3877 1143 3931 26
1184 3888 1455 3930 atnotaret
1495 3877 1559 3930 8ι
1593 3904 1632 3914 -
1666 3888 1721 3929 et
1762 3877 1907 3941 (ante
1952 3876 2200 3941 quando)
2241 3893 2340 3929 om.
2384 3876 2460 3928 A¹
2494 3902 2532 3912 -

742 3967 883 4020 noui
913 3966 967 4018 Α
999 3992 1039 4003 -
1074 3967 1144 4020 ab
1175 3967 1417 4031 antiquis
1447 3967 1501 4019 R
1534 3994 1573 4003 -
1610 3966 1959 4019 Ischomachi
1991 3980 2035 4029 q
2067 3965 2357 4017 Scomachi
2389 3963 2562 4029 SAhjl

742 4055 922 4108 mathi
953 4054 997 4107 ό
1030 4055 1313 4108 Stomachi
1345 4071 1421 4121 yc
1456 4082 1494 4092 -
1530 4072 1600 4120 30
1632 4055 2134 4108 demonstrauimus
2166 4053 2287 4119 Ιιλρ
2322 4080 2361 4090 -
2394 4071 2525 4105 cura
2556 4076 2562 4100 e

740 4146 910 4209 Amy
932 4146 1166 4209 supplex
1188 4160 1221 4196 ι·
1254 4171 1294 4181 -
1328 4155 1425 4197 aut
1449 4144 1596 4208 (ante
1619 4144 1828 4209 fruges)
1855 4144 1946 4197 SR
1969 4154 2033 4196 ut
2056 4145 2109 4196 A
2142 4169 2180 4179 -
2216 4158 2281 4206 33
2310 4142 2483 4194 aliaue
2507 4142 2562 4195 S]

742 4234 908 4287 diaue
942 4233 996 4285 R
1029 4260 1069 4270 -
1103 4249 1174 4298 34
1209 4232 1344 4286 diuo
1378 4232 1489 4298 brc
1523 4259 1562 4271 ·-
1598 4234 1666 4297 36
1704 4234 1858 4286 iuxta
1886 4231 1992 4298 ὶλρ
2026 4258 2065 4268 -
2098 4242 2391 4296 peraequat
2427 4248 2562 4295 quae

738 4349 780 4360 -
816 4322 887 4386 38
920 4322 1151 4375 seruolis
1185 4321 1329 4387 hfyc
1361 4349 1400 4359 -
1434 4339 1506 4386 40
1538 4339 1634 4375 ero
1667 4323 1733 4375 S¹
1765 4349 1805 4359 -
1837 4339 1902 4387 41
1943 4321 2098 4373 forus
2130 4320 2207 4373 Αι
2241 4346 2279 4356 -
2313 4319 2562 4372 recesseri

739 4409 930 4475 A’hfy
961 4438 1002 4448 -
1036 4411 1301 4464 dilituerit
1330 4412 1384 4464 Α
1415 4437 1454 4447 -
1489 4427 1556 4475 45
1591 4423 1644 4463 et
1674 4412 1721 4464 si
1750 4410 2082 4476 compererit
2112 4427 2211 4462 om.
2243 4409 2307 4462 8¹
2341 4435 2380 4445 -
2413 4408 2483 4472 46
2513 4426 2562 4460 ω

741 4528 783 4539 -
804 4514 879 4565 47
899 4510 1022 4566 post
1046 4517 1300 4566 pressum
1324 4500 1448 4553 add.
1478 4501 1727 4552 animum
1752 4498 1965 4563 infr-⁸5²
1987 4525 2026 4535 -
2050 4515 2118 4563 50
2143 4511 2198 4551 at
2224 4497 2363 4551 s¹A²
2384 4523 2422 4533 -
2447 4512 2513 4560 52
2540 4514 2562 4548 c

740 4588 938 4656 sAjpy
970 4616 1009 4627 -
1044 4590 1251 4643 bouilia
1278 4589 1370 4643 SA
1398 4589 1589 4642 bublia
1616 4588 1660 4641 h
1693 4615 1732 4626 -
1766 4589 2046 4654 praesepia
2075 4585 2428 4642 emundanda
2456 4584 2519 4637 S'
2548 4604 2562 4649 1
