3109 5559
519 292 567 337 X
1452 290 1826 337 PRAEFATIO

519 474 631 515 nes
672 461 738 516 et
780 473 969 533 saepe
1008 454 1076 514 in
1119 453 1628 515 controuersiam
1669 460 1938 515 uocatas
1977 454 2097 515 has
2136 472 2272 515 aese
2312 454 2617 526 admitte,
2661 456 2785 517 sed

518 561 802 641 plerique
834 561 954 621 uiri
985 560 1160 621 docti
1192 566 1450 621 nostrae
1480 560 1746 632 aetatis,
1779 567 1951 622 recte
1982 580 2129 621 mea
2157 562 2500 632 sententia,
2534 568 2785 640 putant

517 668 715 729 etiarn
737 667 805 728 in
826 667 1016 728 rebus
1037 666 1548 746 orthographicis
1569 667 1819 728 codices
1838 674 2088 729 ueteres
2108 674 2175 728 et
2199 667 2403 729 bonos
2425 669 2785 730 auctorita-

517 781 652 835 tem
685 774 1012 853 quandam
1044 774 1297 834 habere.
1340 773 1643 835 Conferas
1673 773 1866 835 uelim
1898 792 2065 852 quae
2094 774 2346 853 scripsit
2379 774 2785 835 Lundstrom

516 880 672 960 ipse,
706 881 954 941 Eranos
986 879 1082 951 16,
1118 879 1296 959 1916,
1329 899 1392 960 p.
1429 880 1547 960 189
1577 898 1672 959 sq.
1705 886 1774 941 et
1802 880 1960 941 alibi
1991 880 2072 942 de
2100 899 2222 941 usu
2253 880 2664 952 Columellae;
2699 881 2785 943 de

518 987 659 1048 aliis
706 986 1078 1048 auctoribus
1125 987 1294 1048 inter
1341 986 1500 1047 alios
1548 986 1611 1064 J.
1665 985 2031 1066 Svennung,
2083 987 2668 1066 Untersuchungen
2696 1007 2783 1048 zu

521 1093 847 1155 Palladius
890 1093 1025 1154 und
1069 1113 1184 1154 zur
1211 1093 1631 1155 lateinischen
1662 1092 1868 1154 Fach-
1899 1093 2038 1155 und
2067 1092 2556 1173 Volkssprache,
2593 1108 2780 1174 1935,

518 1219 579 1280 p.
631 1200 929 1276 103-108,
973 1199 1085 1260 ubi
1128 1199 1597 1279 discrepantias
1638 1199 1873 1260 similes
1914 1219 2061 1261 cum
2103 1199 2282 1280 apud
2322 1200 2480 1261 alios
2521 1207 2668 1261 tum
2710 1200 2782 1261 in

516 1306 776 1385 scriptis
818 1305 1120 1367 Varronis
1162 1312 1229 1368 et
1273 1305 1543 1368 Palladii
1586 1306 1840 1368 rusticis
1882 1306 2158 1368 notauit.
2206 1307 2299 1367 Ut
2342 1306 2423 1367 de
2465 1307 2783 1386 scriptore

517 1412 801 1474 eiusdem
839 1413 1073 1474 aetatis
1108 1413 1339 1484 dicam,
1379 1413 1463 1473 M.
1503 1413 1570 1475 C.
1611 1412 1804 1474 Gertz
1838 1413 1905 1473 in
1941 1412 2222 1474 editione
2257 1413 2664 1492 dialogorum
2703 1413 2776 1473 L.

517 1519 768 1580 Annaei
803 1519 1078 1580 Senecae
1112 1519 1336 1580 eadem
1372 1519 1622 1580 ratione
1656 1537 1787 1597 qua
1821 1519 2215 1581 Lundstrom
2249 1538 2403 1580 usus
2438 1526 2557 1591 est,
2596 1520 2778 1598 quod

516 1626 585 1686 in
616 1626 1013 1705 praefatione
1048 1627 1133 1705 (p.
1170 1626 1303 1687 XX
1334 1625 1499 1705 sqq.)
1537 1625 1936 1705 argumentis
1967 1625 2152 1687 bonis
2184 1626 2501 1705 exposuit.
2539 1625 2780 1687 Facere

517 1751 648 1793 non
683 1751 944 1812 possum
981 1733 1138 1812 quin
1172 1732 1252 1794 de
1285 1732 1377 1793 eis
1408 1750 1577 1811 quae
1610 1732 1709 1792 his
1743 1731 1824 1793 de
1856 1733 2047 1793 rebus
2081 1732 2315 1793 eximie
2349 1732 2651 1793 disseruit
2686 1731 2775 1792 M.

519 1839 921 1900 Lenchantin
970 1839 1050 1900 de
1098 1838 1486 1900 Gubernatis
1531 1838 1599 1899 in
1647 1838 2046 1918 praefatione
2092 1838 2391 1900 editionis
2423 1838 2778 1899 Annalium

516 1944 724 2007 Taciti
757 1945 1028 2024 (Rornae
1061 1944 1265 2024 1940),
1297 1964 1359 2024 p.
1393 1944 1563 2005 XIX
1591 1963 1735 2023 sqq.
1769 1963 2284 2017 commemorem,
2315 1945 2427 2006 ubi
2456 1944 2537 2006 de
2563 1944 2779 2006 uaria-

518 2052 694 2113 tione
750 2051 1099 2113 formarum
1155 2051 1473 2131 rebusque
1527 2051 2036 2131 orthographicis
2088 2051 2157 2112 in
2211 2051 2429 2113 codice
2485 2051 2775 2113 Mediceo

522 2158 770 2237 (eodem
810 2158 939 2219 fere
979 2164 1266 2237 tempore
1305 2177 1435 2238 quo
1472 2157 1676 2219 codex
1716 2158 1758 2219 S
1796 2157 2057 2237 scripto)
2100 2157 2583 2220 occurrentibus
2622 2177 2774 2220 cum

517 2264 716 2344 ipsius
744 2263 954 2326 Taciti
983 2283 1293 2336 sermone,
1326 2270 1647 2344 quantum
1678 2264 1758 2326 de
1787 2283 1862 2325 eo
1892 2264 2178 2326 conicere
2207 2282 2567 2344 possumuS,
2600 2283 2777 2325 com-

519 2372 758 2451 parat.¹

601 2477 812 2556 Quam
839 2477 924 2538 ob
950 2496 1084 2538 rem
1112 2477 1278 2539 sicut
1306 2477 1699 2539 Lundstrom
1726 2477 2010 2539 codicem
2038 2477 2081 2539 S
2109 2477 2485 2556 plerumque
2509 2482 2776 2538 secutus

516 2602 681 2655 sum,
709 2583 961 2645 etiamsi
986 2583 1226 2645 formas
1249 2584 1463 2645 uarias
1486 2584 1773 2646 eiusdem
1796 2583 1977 2646 uerbi
2000 2583 2288 2663 praebet.
2318 2583 2553 2663 Scripsi
2578 2583 2779 2663 igitur

518 2691 823 2751 lectiones
862 2690 1051 2751 huius
1091 2690 1328 2751 codicis
1367 2709 1752 2752 conseruans

597 2796 874 2857 lacessiri
920 2796 1051 2876 9,8,
1065 2813 1102 2873 3
1136 2797 1251 2859 sed
1281 2796 1500 2858 lacessi
1532 2814 1592 2876 9,
1611 2810 1759 2875 15,4
1796 2796 2094 2876 (lacessiri
2114 2796 2196 2868 R;
2234 2816 2297 2857 u.
2335 2796 2776 2875 Neue-Wage-

516 2922 648 2974 ner,
684 2902 788 2964 III
817 2921 878 2981 p.
910 2920 1029 2982 249
1064 2922 1159 2983 sq.
1189 2908 1255 2964 et
1282 2903 1484 2965 Linde
1510 2922 1573 2983 p.
1603 2903 1704 2982 77)
1715 2921 1730 2976 ;

598 3027 748 3070 uase
780 3026 839 3089 9,
858 3027 1001 3083 11,1
1040 3015 1105 3071 et
1145 3024 1291 3086 15,5
1317 3010 1431 3072 sed
1452 3029 1607 3071 uaso
1632 3010 1858 3089 9,8,10
1885 3010 2056 3089 (uase
2083 3009 2163 3088 R)
2192 3014 2260 3071 et
2287 3023 2434 3085 13,5
2467 3008 2639 3088 (uase
2665 3009 2774 3089 R);

516 3116 792 3177 formam
822 3135 988 3195 quae
1016 3121 1114 3177 est
1142 3136 1295 3177 uaso
1328 3117 1526 3178 etiarn
1559 3116 1625 3177 in
1646 3116 1971 3179 codicibus
1991 3116 2092 3177 SA
2112 3122 2179 3177 et
2198 3116 2260 3176 R
2278 3116 2527 3194 aliquot
2548 3133 2608 3187 2,
2622 3133 2681 3187 2,
2697 3132 2777 3177 zo

516 3222 880 3284 inuenimus
910 3224 995 3302 (u.
1026 3223 1085 3283 N
1089 3223 1566 3301 eue-Wagener,
1598 3223 1628 3283 1
1658 3242 1719 3302 p.
1750 3223 1872 3300 854
1897 3228 1963 3284 et
1990 3222 2195 3283 Linde
2220 3242 2283 3302 p.
2312 3222 2416 3302 42)
2426 3240 2441 3294 ;

599 3328 807 3390 cohors
865 3329 923 3401 8,
937 3329 1068 3405 3,8;
1128 3330 1422 3390 cohortem
1480 3329 1538 3401 8,
1554 3345 1614 3405 3,
1628 3345 1686 3405 32
1746 3329 2085 3390 cohortibus
2144 3329 2389 3405 8,5,23;
2448 3328 2774 3389 cohortalis

519 3434 577 3507 8,
591 3435 724 3512 3,8;
771 3434 1096 3496 cohortales
1141 3435 1426 3512 8‚11,13;
1473 3435 1874 3497 cohortalium
1917 3435 2121 3512 8,1,3;
2167 3435 2280 3497 sed
2322 3435 2517 3496 chorte
2562 3436 2620 3507 8,
2636 3435 2770 3511 3‚6;

516 3541 804 3602 chortalis
833 3543 1015 3614 8,2,2
1046 3548 1112 3603 et
1142 3542 1271 3614 2,6,
1301 3543 1592 3603 chortales
1621 3543 1751 3615 8,2,
1765 3559 1803 3619 3
1832 3548 1898 3604 et
1925 3560 1985 3620 4,
1998 3560 2058 3620 4,
2088 3541 2451 3603 chortalium
2479 3541 2659 3614 8,2,1
2690 3576 2775 3586 —

517 3647 613 3709 cfr
646 3648 713 3709 in
752 3648 1032 3710 editione
1068 3649 1506 3710 Lundstromii
1542 3649 1765 3710 chortis
1804 3648 1933 3721 1,6‚
1948 3665 2028 3726 24
2068 3647 2314 3727 (chortes
2351 3648 2474 3721 SA,
2512 3648 2773 3709 cohortis

603 3848 621 3878 ¹
660 3847 927 3897 Conferas
959 3848 1126 3897 uelim
1159 3849 1331 3897 etiam
1364 3863 1508 3913 quae
1541 3850 1611 3898 de
1642 3853 1804 3898 textu
1840 3848 2020 3897 Taciti
2050 3847 2445 3897 constituendo
2480 3848 2546 3897 R.
2584 3847 2768 3911 Syme,

523 3935 758 4000 Journal
802 3936 861 3985 of
905 3937 1124 3985 Roman
1170 3938 1391 3987 Studies
1436 3937 1519 4000 38,
1573 3938 1722 4000 1948,
1768 3952 1823 4002 p.
1876 3951 1973 4000 124
2016 3936 2226 3986 scribit:
2273 3936 2365 3985 »In
2407 3936 2770 3999 oemblishing

517 4025 615 4074 the
636 4028 762 4074 text
784 4025 842 4075 of
862 4025 1088 4075 Tacitus
1109 4027 1156 4074 it
1175 4026 1221 4075 is
1241 4026 1394 4090 plain
1415 4026 1560 4089 duty
1582 4031 1643 4075 to
1662 4027 1965 4091 reproduce
1985 4026 2043 4074 M
2068 4027 2148 4087 [=
2166 4025 2413 4074 codicem
2434 4024 2764 4087 Mediceum]

516 4128 578 4163 as
619 4114 704 4163 far
743 4129 805 4164 as
845 4115 1086 4179 possible
1129 4115 1242 4164 and
1282 4115 1449 4164 avoid
1491 4116 1588 4164 the
1620 4115 1960 4180 temptation
1982 4114 2041 4164 of
2061 4114 2338 4179 imposing
2358 4113 2690 4177 uniformity
2713 4113 2771 4162 of

516 4203 794 4268 spelling.»
