3109 5559
647 256 725 317 32
1278 260 1330 302 L.
1384 260 1507 300 IVNI
1554 259 1876 302 MODERATl
1924 260 2330 302 COLVMELLAE

535 418 616 495 67
860 417 981 478 His
1014 418 1246 479 diebus
1279 418 1648 479 uindemiae
1681 417 1970 498 plurimis
2003 418 2380 497 regionibus
2404 419 2582 493 fiunt,
2608 440 2872 501 quarum

644 526 1080 587 maturitatem
1128 523 1235 586 alii
1284 524 1468 587 aliter
1515 527 1914 605 interpretati
1963 537 2130 587 sunt.
2210 526 2473 607 quidam
2508 546 2658 587 cum
2694 527 2875 587 uidis-

642 644 789 693 sent
836 643 1089 712 partem
1138 631 1417 712 aliquam
1469 652 1736 693 uuarum
1793 634 2130 705 uirescere,
2180 634 2594 695 crediderunt
2636 644 2874 712 tempe·

643 740 876 800 stiuam
926 758 1068 800 esse
1117 739 1532 813 uindemiam,
1579 740 1842 819 quidam
1877 760 2026 801 cum
2058 739 2382 801 coloratas
2413 752 2478 801 et
2511 739 2877 819 perlucidas

643 866 802 906 uuas
873 846 1500 918 animaduertissent,
1576 845 1863 908 nonnulli
1934 848 2130 908 etiam
2197 867 2341 908 cum
2406 848 2757 926 pampinos
2802 866 2876 907 ac
2895 878 2924 922 5

646 951 794 1013 folia
866 951 1169 1013 decidere
1240 953 1783 1014 considerassent.
1879 974 2047 1033 quae
2118 955 2336 1014 omnia
2405 951 2657 1015 fallacia
2708 967 2874 1027 sunt,

644 1061 953 1140 quoniam
1025 1060 1358 1120 inmaturis
1428 1060 1570 1120 uuis
1640 1062 1859 1121 omnia
1930 1060 2159 1121 eadem
2233 1072 2507 1139 possunt
2578 1059 2878 1121 accidere

533 1172 619 1232 68
646 1177 914 1245 propter
979 1167 1426 1246 intemperiem
1477 1165 1634 1228 solis
1680 1177 1791 1228 aut
1837 1168 2007 1229 anni.
2079 1168 2297 1246 itaque
2345 1165 2637 1228 nonnulli
2686 1177 2874 1247 gustu

644 1272 989 1352 explorare
1062 1274 1495 1335 maturitatem
1570 1283 2071 1353 temptauerunt,
2135 1285 2203 1334 ut
2262 1275 2400 1335 siue
2448 1272 2658 1335 dulcis
2703 1285 2878 1335 esset

642 1400 838 1460 sapor
899 1400 1063 1441 uuae
1118 1381 1257 1441 siue
1305 1380 1530 1441 acidus
1578 1381 1851 1460 proinde
1899 1382 2332 1442 aestimarent.
2427 1380 2546 1442 sed
2593 1391 2661 1441 et
2714 1381 2877 1442 haec
2905 1411 2961 1442 10

642 1488 785 1567 ipsa
857 1506 959 1548 res
1024 1487 1221 1548 habet
1289 1485 1570 1567 aliquam
1640 1485 1975 1550 fallaciam.
2064 1508 2214 1549 nam
2261 1489 2584 1567 quaedam
2635 1508 2878 1568 genera

643 1615 908 1655 uuarum
961 1614 1311 1674 numquam
1361 1593 1773 1655 dulcedinem
1821 1595 2088 1674 capiunt
2134 1605 2400 1674 propter
2429 1597 2874 1657 austeritatem

532 1708 621 1784 69
644 1702 927 1762 nimiam.
1025 1702 1242 1780 itaque
1313 1702 1632 1781 optimum
1702 1713 1819 1773 est,
1888 1701 2065 1781 quod
2133 1721 2253 1762 nos
2325 1700 2612 1775 fecimuS,
2664 1704 2876 1781 ipsam

642 1806 1000 1869 naturalem
1061 1806 1507 1887 contemplare
1566 1808 2016 1869 maturitatem.
2115 1807 2423 1869 naturalis
2478 1819 2697 1869 autern
2748 1829 2877 1870 ma-

642 1916 868 1976 turitas
914 1927 1031 1988 est,
1083 1915 1136 1976 si
1186 1934 1331 1975 cum
1367 1916 1770 1994 expresseris
1802 1916 2089 1986 uinacea‚
2125 1935 2293 1995 quae
2325 1916 2530 1976 acinis
2562 1914 2875 1988 celantur,
2908 1944 2964 1987 ις,

643 2024 769 2082 iam
845 2022 1163 2083 infuscata
1228 2033 1293 2082 et
1361 2021 1670 2084 nonnulla
1735 2033 1991 2102 praeter
2055 2022 2321 2083 modum
2383 2024 2566 2103 nigra
2618 2022 2874 2085 fuerint.

645 2149 792 2189 nam
843 2128 1129 2190 colorem
1178 2127 1350 2190 nulla
1398 2147 1501 2189 res
1546 2130 1837 2191 uinaceis
1885 2141 2103 2209 potest
2150 2127 2403 2190 adferre
2450 2130 2572 2190 nisi
2606 2139 2879 2190 naturae

646 2237 1000 2307 maturitas,
1054 2236 1431 2316 praesertim
1481 2256 1628 2296 cum
1674 2237 1762 2297 ita
1794 2237 1856 2297 in
1893 2236 2108 2297 media
2140 2247 2323 2317 parte
2357 2237 2689 2297 acinorum
2724 2237 2874 2306 sint,

642 2355 712 2403 ut
758 2355 824 2403 et
872 2362 909 2403 a
957 2342 1096 2404 sole
1144 2354 1210 2404 et
1256 2363 1295 2404 a
1343 2343 1554 2404 uentis
1603 2353 2025 2422 protegantur
2072 2362 2385 2423 umorque
2426 2344 2565 2422 ipse
2599 2362 2731 2403 non
2767 2363 2876 2422 pa·

532 2472 620 2535 70
643 2450 835 2510 tiatur
882 2470 961 2510 ea
1003 2450 1290 2529 praecipi
1324 2461 1435 2511 aut
1467 2448 1772 2510 infuscari
1805 2451 1927 2511 nisi
1957 2461 2189 2529 suapte
2223 2462 2467 2511 natura.
2518 2449 2645 2511 hoc
2679 2451 2880 2529 igitur
2901 2478 2975 2508 20

640 2576 788 2616 cum
836 2555 1248 2638 exploratum
1298 2556 1597 2617 habuerit
1644 2556 1888 2628 uilicuS,
1939 2558 2102 2618 sciet
2141 2556 2534 2618 uindemiam
2568 2556 2692 2618 sibi
2727 2577 2879 2618 esse

644 2663 1025 2725 faciendam.
1122 2664 1240 2725 sed
1294 2675 1644 2744 antequam
1695 2663 1966 2725 fructum
2015 2683 2251 2745 eogere
2301 2665 2585 2743 incipiat,
2637 2674 2880 2723 cuncta

640 2771 1091 2851 praeparanda
1145 2783 1330 2832 erunt
1377 2773 1728 2850 superiore,
1777 2772 1830 2832 si
1878 2770 2014 2832 fieri
2062 2772 2286 2850 possit,
2338 2791 2590 2846 mense;
2660 2771 2714 2830 si
2763 2772 2882 2831 mi·

640 2898 777 2950 nuS,
829 2889 1004 2939 certe
1056 2890 1123 2939 ut
1171 2888 1320 2938 ante
1369 2878 1739 2958 quindecim
1789 2878 1930 2938 dies
1977 2876 2154 2939 dolia
2201 2879 2432 2957 partim
2482 2879 2700 2957 picata
2735 2898 2884 2959 pan

860 3127 877 3156 1
924 3111 1154 3170 plurimis
1201 3115 1305 3169 Sap
1352 3111 1551 3170 plurimi
1603 3112 1638 3157 A
1684 3110 1913 3169 pluribus
1953 3113 1994 3157 Β
2192 3110 2384 3170 regioni
2421 3111 2501 3164 (b;
2539 3109 2702 3156 adst-r.
2740 3126 2782 3156 s.
2829 3129 2891 3158 u.

639 3195 736 3256 m‘·')
772 3204 804 3248 S
842 3217 943 3246 om.
984 3202 1022 3247 A
1204 3217 1234 3247 2
1275 3202 1403 3248 alter
1438 3199 1473 3254 (i
1509 3208 1751 3262 superscr.
1791 3194 1887 3254 mff)
1922 3201 1992 3248 SA
2179 3215 2205 3258 7
2244 3200 2463 3247 accideri
2500 3198 2550 3254 (e
2586 3207 2697 3260 sup.
2737 3200 2834 3246 alt.
2877 3204 2892 3248 i

638 3306 708 3335 m.
750 3291 860 3340 rec.)
896 3291 932 3337 A
1135 3292 1166 3336 8
1208 3290 1475 3350 intemperi
1514 3293 1547 3336 S
1597 3289 1696 3344 (em
1735 3307 1776 3336 s,
1815 3306 1864 3336 u.
1913 3289 2074 3336 adscr.
2123 3306 2191 3336 m.
2241 3287 2351 3340 rec.)
2398 3288 2431 3335 Α
2633 3295 2784 3336 custu
2831 3297 2894 3350 (g

636 3387 748 3440 sup.
789 3394 814 3424 c
855 3395 924 3425 m.
966 3381 1075 3426 rec.)
1115 3381 1153 3426 A
1300 3395 1332 3438 9
1371 3395 1400 3426 e
1438 3380 1645 3439 plorare
1681 3380 1733 3432 (x
1773 3379 1900 3425 inter
1934 3394 1962 3425 e
1999 3384 2044 3424 e!
2077 3394 2110 3438 p
2150 3371 2246 3434 ιη’)
2286 3381 2320 3426 S
2463 3385 2796 3425 tentauerunt
2843 3381 2898 3427 B

807 3483 865 3527 ¹3
906 3468 1150 3528 optimum
1188 3470 1300 3516 SAb
1338 3476 1601 3528 optumum
1641 3481 1729 3516 am
1770 3475 2078 3528 oportunum
2116 3470 2319 3526 odgpqu
2477 3482 2574 3513 nos
2613 3468 2655 3513 Β
2691 3482 2802 3513 non
2851 3471 2898 3517 A

638 3561 690 3610 (n
730 3573 854 3603 ems.
893 3562 937 3603 et
974 3574 998 3604 s
1036 3574 1126 3603 scr.
1170 3549 1266 3614 ηιξ)
1302 3560 1335 3605 S
1516 3558 1730 3604 fecimus
1767 3559 2001 3616 SAabmp
2047 3557 2259 3604 iacimus
2297 3559 2340 3604 Β
2376 3557 2622 3604 faciemus
2656 3571 2697 3613 g

646 3663 703 3705 14
745 3649 1094 3707 contemplare
1132 3649 1204 3694 SA
1255 3647 1588 3707 contemplari
1628 3650 1669 3694 Β
1707 3647 2031 3706 contemplati
2071 3649 2104 3693 b
2288 3649 2349 3693 16
2388 3662 2553 3707 prope
2590 3646 2808 3693 modum
2858 3665 2902 3697 ι

805 3751 861 3795 ¹7
904 3736 1094 3783 afferre
1134 3739 1175 3783 Β
1328 3737 1387 3783 18
1425 3737 1473 3783 in
1514 3751 1616 3783 om.
1655 3738 1688 3783 S
1841 3751 1899 3793 ¹9
1937 3742 1991 3783 ut
2028 3743 2080 3782 et
2116 3738 2159 3783 Β
2195 3742 2246 3782 et
2283 3736 2393 3783 sAa
2536 3752 2566 3783 a
2603 3734 2718 3782 sole
2756 3744 2822 3784 et
2866 3757 2904 3786 ι

637 3826 803 3872 uentis
842 3826 914 3872 SA
972 3842 1001 3872 a
1050 3826 1161 3873 sole
1209 3827 1457 3873 estuentis
1494 3839 1529 3884 p
1585 3841 1614 3871 a
1660 3826 1771 3872 sole
1819 3832 2058 3871 extuante
2107 3824 2208 3878 (uel
2251 3825 2504 3876 estuante)
2549 3831 2600 3872 et
2637 3840 2663 3870 a
2705 3829 2906 3876 uentis

634 3916 807 3973 edssqu
845 3931 873 3959 a
912 3915 1023 3961 sole
1063 3922 1115 3962 et
1153 3931 1181 3962 a
1218 3914 1386 3961 uentis
1425 3922 1668 3961 extuantc
1705 3916 1826 3961 abm
2007 3915 2294 3973 humorque
2333 3917 2374 3961 Β
2553 3915 2780 3974 patiatur
2813 3920 2906 3967 SA

638 4005 824 4063 patitur
864 4007 905 4051 Β
1051 4019 1119 4050 20
1158 4004 1375 4064 precipi,¹
1418 4006 1481 4050 S
1518 4003 1686 4065 pcipia
1725 4003 1761 4049 A
1801 4003 1990 4063 precipi
2030 4005 2073 4050 Β
2109 4003 2299 4063 percipi
2337 4017 2374 4061 g
2411 4003 2655 4063 precoqui
2696 4019 2734 4050 ει

638 4108 798 4152 suape
838 4099 877 4144 (t
915 4101 1025 4155 sup.
1066 4109 1099 4153 p
1140 4109 1208 4139 m.
1249 4095 1360 4144 rec.)
1404 4094 1440 4140 A
1632 4108 1692 4139 21
1738 4092 1935 4139 uillicus
1973 4094 2016 4139 Β
2212 4092 2340 4140 sciet
2376 4094 2450 4140 SA
2488 4092 2614 4139 sciat
2651 4094 2696 4139 Β

636 4197 703 4227 22
747 4181 980 4228 iaciendis
1022 4183 1060 4229 A
1243 4196 1308 4240 23
1348 4182 1513 4242 possit
1550 4182 1623 4229 SA
1661 4189 1842 4242 posset
1879 4185 1919 4229 Β
