<?xml version="1.0" encoding="UTF-8"?>
<!DOCTYPE html PUBLIC "-//W3C//DTD XHTML 1.0 Transitional//EN"
    "http://www.w3.org/TR/xhtml1/DTD/xhtml1-transitional.dtd">
<html xmlns="http://www.w3.org/1999/xhtml" xml:lang="en" lang="en">
 <head>
  <title>
</title>
<meta http-equiv="Content-Type" content="text/html;charset=utf-8" />
  <meta name='ocr-system' content='tesseract 3.04.00' />
  <meta name='ocr-capabilities' content='ocr_page ocr_carea ocr_par ocr_line ocrx_word'/>
</head>
<body>
  <div class='ocr_page' id='page_1' title='image "./operaquaeexstan00hedbgoog_0197.png"; bbox 0 0 3109 5559; ppageno 0'>
   <div class='ocr_carea' id='block_1_1' title="bbox 1510 72 2683 160">
    <p class='ocr_par' dir='ltr' id='par_1_1' title="bbox 1510 72 2683 160">
     <span class='ocr_line' id='line_1_1' title="bbox 1510 72 2683 160; baseline 0.003 -22"><span class='ocrx_word' id='word_1_1' title='bbox 1510 72 1631 139; x_wconf 91' lang='lat' dir='ltr'><strong>Rei</strong></span> <span class='ocrx_word' id='word_1_2' title='bbox 1661 72 1940 139; x_wconf 83' lang='lat' dir='ltr'>rusticae</span> <span class='ocrx_word' id='word_1_3' title='bbox 1969 72 2082 139; x_wconf 92' lang='lat' dir='ltr'><strong>lib.</strong></span> <span class='ocrx_word' id='word_1_4' title='bbox 2118 73 2225 139; x_wconf 92' lang='lat'><strong>111</strong></span> <span class='ocrx_word' id='word_1_5' title='bbox 2257 95 2313 139; x_wconf 91' lang='lat' dir='ltr'><strong>c.</strong></span> <span class='ocrx_word' id='word_1_6' title='bbox 2347 94 2469 160; x_wconf 89' lang='lat'><strong>2—3</strong></span> <span class='ocrx_word' id='word_1_7' title='bbox 2602 93 2683 160; x_wconf 83' lang='lat'><strong>25</strong></span> 
     </span>
    </p>
   </div>
   <div class='ocr_carea' id='block_1_2' title="bbox 57 250 2692 2997">
    <p class='ocr_par' dir='ltr' id='par_1_2' title="bbox 57 250 2692 2997">
     <span class='ocr_line' id='line_1_2' title="bbox 292 250 2684 337; baseline 0 -21"><span class='ocrx_word' id='word_1_8' title='bbox 292 271 394 332; x_wconf 83' lang='lat'><strong>²9</strong></span> <span class='ocrx_word' id='word_1_9' title='bbox 440 250 664 316; x_wconf 90' lang='lat' dir='ltr'><strong>Multa</strong></span> <span class='ocrx_word' id='word_1_10' title='bbox 701 264 1033 336; x_wconf 88' lang='lat' dir='ltr'><strong>praeterea</strong></span> <span class='ocrx_word' id='word_1_11' title='bbox 1068 272 1307 336; x_wconf 90' lang='lat' dir='ltr'><strong>genera</strong></span> <span class='ocrx_word' id='word_1_12' title='bbox 1346 265 1503 317; x_wconf 89' lang='lat' dir='ltr'><strong>sunt</strong></span> <span class='ocrx_word' id='word_1_13' title='bbox 1540 250 1802 329; x_wconf 93' lang='lat' dir='ltr'><strong>uitium,</strong></span> <span class='ocrx_word' id='word_1_14' title='bbox 1846 272 2128 337; x_wconf 91' lang='lat' dir='ltr'><strong>quarum</strong></span> <span class='ocrx_word' id='word_1_15' title='bbox 2169 272 2290 316; x_wconf 92' lang='lat' dir='ltr'><strong>nec</strong></span> <span class='ocrx_word' id='word_1_16' title='bbox 2330 273 2684 317; x_wconf 88' lang='lat' dir='ltr'><strong>numerum</strong></span> 
     </span>
     <span class='ocr_line' id='line_1_3' title="bbox 194 356 2686 443; baseline -0 -20"><span class='ocrx_word' id='word_1_17' title='bbox 194 379 338 436; x_wconf 83' lang='lat' dir='ltr'><strong>nec</strong></span> <span class='ocrx_word' id='word_1_18' title='bbox 388 356 859 442; x_wconf 89' lang='lat' dir='ltr'><strong>adpellationes</strong></span> <span class='ocrx_word' id='word_1_19' title='bbox 900 378 1057 423; x_wconf 89' lang='lat' dir='ltr'><strong>cum</strong></span> <span class='ocrx_word' id='word_1_20' title='bbox 1098 370 1273 423; x_wconf 86' lang='lat' dir='ltr'><strong>certa</strong></span> <span class='ocrx_word' id='word_1_21' title='bbox 1315 356 1447 423; x_wconf 88' lang='lat' dir='ltr'><strong>fide</strong></span> <span class='ocrx_word' id='word_1_22' title='bbox 1491 357 1731 423; x_wconf 86' lang='lat' dir='ltr'><strong>referre</strong></span> <span class='ocrx_word' id='word_1_23' title='bbox 1774 378 2147 443; x_wconf 89' lang='lat' dir='ltr'><strong>possumus.</strong></span> <span class='ocrx_word' id='word_1_24' title='bbox 2195 378 2431 442; x_wconf 94' lang='lat' dir='ltr'><strong>neque,</strong></span> <span class='ocrx_word' id='word_1_25' title='bbox 2477 371 2554 423; x_wconf 92' lang='lat' dir='ltr'><strong>ut</strong></span> <span class='ocrx_word' id='word_1_26' title='bbox 2595 357 2686 423; x_wconf 89' lang='lat' dir='ltr'><strong>ait</strong></span> 
     </span>
     <span class='ocr_line' id='line_1_4' title="bbox 196 463 1664 550; baseline 0.001 -22"><span class='ocrx_word' id='word_1_27' title='bbox 196 477 438 550; x_wconf 86' lang='lat' dir='ltr'><strong>poeta,</strong></span> <span class='ocrx_word' id='word_1_28' title='bbox 473 484 828 529; x_wconf 91' lang='lat' dir='ltr'><strong>numerum</strong></span> <span class='ocrx_word' id='word_1_29' title='bbox 857 463 1415 549; x_wconf 83' lang='lat' dir='ltr'><strong>comprehendere</strong></span> <span class='ocrx_word' id='word_1_30' title='bbox 1446 463 1664 543; x_wconf 87' lang='lat' dir='ltr'><strong>refert,</strong></span> 
     </span>
     <span class='ocr_line' id='line_1_5' title="bbox 57 561 2528 656; baseline 0 -21"><span class='ocrx_word' id='word_1_31' title='bbox 57 599 151 648; x_wconf 79' lang='lat'><strong>155</strong></span> <span class='ocrx_word' id='word_1_32' title='bbox 401 592 631 656; x_wconf 92' lang='lat' dir='ltr'><strong>quem</strong></span> <span class='ocrx_word' id='word_1_33' title='bbox 672 570 808 656; x_wconf 92' lang='lat' dir='ltr'><strong>qui</strong></span> <span class='ocrx_word' id='word_1_34' title='bbox 848 569 1050 635; x_wconf 91' lang='lat' dir='ltr'><strong>scire</strong></span> <span class='ocrx_word' id='word_1_35' title='bbox 1088 561 1307 650; x_wconf 90' lang='lat' dir='ltr'><strong>uelit,</strong></span> <span class='ocrx_word' id='word_1_36' title='bbox 1353 569 1635 656; x_wconf 88' lang='lat' dir='ltr'><strong>Libyci</strong></span> <span class='ocrx_word' id='word_1_37' title='bbox 1675 569 1874 636; x_wconf 93' lang='lat' dir='ltr'><strong>uelit</strong></span> <span class='ocrx_word' id='word_1_38' title='bbox 1913 569 2280 655; x_wconf 90' lang='lat' dir='ltr'><strong>aequoris</strong></span> <span class='ocrx_word' id='word_1_39' title='bbox 2321 570 2528 636; x_wconf 93' lang='lat' dir='ltr'><strong>idem</strong></span> 
     </span>
     <span class='ocr_line' id='line_1_6' title="bbox 403 674 2553 763; baseline 0 -22"><span class='ocrx_word' id='word_1_40' title='bbox 403 676 687 756; x_wconf 89' lang='lat' dir='ltr'><strong>dicere,</strong></span> <span class='ocrx_word' id='word_1_41' title='bbox 731 697 962 762; x_wconf 89' lang='lat' dir='ltr'><strong>quam</strong></span> <span class='ocrx_word' id='word_1_42' title='bbox 1000 676 1293 742; x_wconf 94' lang='lat' dir='ltr'><strong>multae</strong></span> <span class='ocrx_word' id='word_1_43' title='bbox 1329 676 1691 763; x_wconf 87' lang='lat' dir='ltr'><strong>Zephyro</strong></span> <span class='ocrx_word' id='word_1_44' title='bbox 1731 674 2158 742; x_wconf 89' lang='lat' dir='ltr'><strong>turbentur</strong></span> <span class='ocrx_word' id='word_1_45' title='bbox 2197 675 2553 742; x_wconf 87' lang='lat' dir='ltr'><strong>harenae.</strong></span> 
     </span>
     <span class='ocr_line' id='line_1_7' title="bbox 291 782 2687 870; baseline 0 -23"><span class='ocrx_word' id='word_1_46' title='bbox 291 803 399 864; x_wconf 76' lang='lat'><strong>3⁰</strong></span> <span class='ocrx_word' id='word_1_47' title='bbox 442 782 691 869; x_wconf 91' lang='lat' dir='ltr'><strong>quippe</strong></span> <span class='ocrx_word' id='word_1_48' title='bbox 718 782 1058 848; x_wconf 88' lang='lat' dir='ltr'><strong>universae</strong></span> <span class='ocrx_word' id='word_1_49' title='bbox 1086 783 1382 870; x_wconf 87' lang='lat' dir='ltr'><strong>regiones</strong></span> <span class='ocrx_word' id='word_1_50' title='bbox 1409 783 1885 869; x_wconf 86' lang='lat' dir='ltr'><strong>regionumque</strong></span> <span class='ocrx_word' id='word_1_51' title='bbox 1913 803 2120 868; x_wconf 90' lang='lat' dir='ltr'><strong>paene</strong></span> <span class='ocrx_word' id='word_1_52' title='bbox 2146 782 2438 868; x_wconf 85' lang='lat' dir='ltr'><strong>singulae</strong></span> <span class='ocrx_word' id='word_1_53' title='bbox 2466 796 2687 868; x_wconf 89' lang='lat' dir='ltr'><strong>partes</strong></span> 
     </span>
     <span class='ocr_line' id='line_1_8' title="bbox 205 889 2684 975; baseline 0 -20"><span class='ocrx_word' id='word_1_54' title='bbox 205 889 475 955; x_wconf 87' lang='lat' dir='ltr'><strong>habent</strong></span> <span class='ocrx_word' id='word_1_55' title='bbox 516 890 782 975; x_wconf 90' lang='lat' dir='ltr'><strong>propria</strong></span> <span class='ocrx_word' id='word_1_56' title='bbox 822 889 1063 955; x_wconf 91' lang='lat' dir='ltr'><strong>uitium</strong></span> <span class='ocrx_word' id='word_1_57' title='bbox 1092 911 1348 975; x_wconf 90' lang='lat' dir='ltr'><strong>genera,</strong></span> <span class='ocrx_word' id='word_1_58' title='bbox 1384 910 1552 975; x_wconf 89' lang='lat' dir='ltr'><strong>quae</strong></span> <span class='ocrx_word' id='word_1_59' title='bbox 1585 889 2062 955; x_wconf 90' lang='lat' dir='ltr'><strong>consuetudine</strong></span> <span class='ocrx_word' id='word_1_60' title='bbox 2090 910 2208 954; x_wconf 91' lang='lat' dir='ltr'><strong>sua</strong></span> <span class='ocrx_word' id='word_1_61' title='bbox 2231 889 2684 969; x_wconf 89' lang='lat' dir='ltr'><strong>denominant;</strong></span> 
     </span>
     <span class='ocr_line' id='line_1_9' title="bbox 208 995 2687 1083; baseline 0 -22"><span class='ocrx_word' id='word_1_62' title='bbox 208 997 559 1083; x_wconf 88' lang='lat' dir='ltr'><strong>quaedam</strong></span> <span class='ocrx_word' id='word_1_63' title='bbox 600 996 799 1062; x_wconf 88' lang='lat' dir='ltr'><strong>etiam</strong></span> <span class='ocrx_word' id='word_1_64' title='bbox 841 995 1077 1082; x_wconf 82' lang='lat' dir='ltr'><strong>stirpes</strong></span> <span class='ocrx_word' id='word_1_65' title='bbox 1117 1018 1273 1062; x_wconf 93' lang='lat' dir='ltr'><strong>cum</strong></span> <span class='ocrx_word' id='word_1_66' title='bbox 1315 996 1475 1062; x_wconf 94' lang='lat' dir='ltr'><strong>locis</strong></span> <span class='ocrx_word' id='word_1_67' title='bbox 1517 995 1840 1061; x_wconf 87' lang='lat' dir='ltr'><strong>uocabula</strong></span> <span class='ocrx_word' id='word_1_68' title='bbox 1881 1009 2325 1075; x_wconf 88' lang='lat' dir='ltr'><strong>mutauerunt,</strong></span> <span class='ocrx_word' id='word_1_69' title='bbox 2362 996 2687 1082; x_wconf 89' lang='lat' dir='ltr'><strong>quaedam</strong></span> 
     </span>
     <span class='ocr_line' id='line_1_10' title="bbox 66 1102 2689 1190; baseline 0.001 -24"><span class='ocrx_word' id='word_1_70' title='bbox 66 1116 164 1167; x_wconf 82' lang='lat'><strong>160</strong></span> <span class='ocrx_word' id='word_1_71' title='bbox 210 1116 501 1190; x_wconf 89' lang='lat' dir='ltr'><strong>propter</strong></span> <span class='ocrx_word' id='word_1_72' title='bbox 530 1102 965 1168; x_wconf 90' lang='lat' dir='ltr'><strong>mutationem</strong></span> <span class='ocrx_word' id='word_1_73' title='bbox 997 1102 1313 1181; x_wconf 88' lang='lat' dir='ltr'><strong>locorum,</strong></span> <span class='ocrx_word' id='word_1_74' title='bbox 1347 1103 1517 1168; x_wconf 94' lang='lat' dir='ltr'><strong>sicut</strong></span> <span class='ocrx_word' id='word_1_75' title='bbox 1539 1124 1740 1188; x_wconf 90' lang='lat' dir='ltr'><strong>supra</strong></span> <span class='ocrx_word' id='word_1_76' title='bbox 1762 1102 2069 1181; x_wconf 87' lang='lat' dir='ltr'><strong>diximus,</strong></span> <span class='ocrx_word' id='word_1_77' title='bbox 2096 1102 2293 1168; x_wconf 89' lang='lat' dir='ltr'><strong>etiam</strong></span> <span class='ocrx_word' id='word_1_78' title='bbox 2317 1124 2355 1167; x_wconf 90' lang='lat' dir='ltr'><strong>a</strong></span> <span class='ocrx_word' id='word_1_79' title='bbox 2377 1102 2689 1189; x_wconf 91' lang='lat' dir='ltr'><strong>qualitate</strong></span> 
     </span>
     <span class='ocr_line' id='line_1_11' title="bbox 209 1208 2690 1295; baseline -0 -20"><span class='ocrx_word' id='word_1_80' title='bbox 209 1231 344 1275; x_wconf 89' lang='lat' dir='ltr'><strong>sua</strong></span> <span class='ocrx_word' id='word_1_81' title='bbox 392 1209 837 1288; x_wconf 90' lang='lat' dir='ltr'><strong>decesserunt,</strong></span> <span class='ocrx_word' id='word_1_82' title='bbox 887 1209 976 1275; x_wconf 88' lang='lat' dir='ltr'><strong>ita</strong></span> <span class='ocrx_word' id='word_1_83' title='bbox 1023 1223 1097 1274; x_wconf 92' lang='lat' dir='ltr'><strong>ut</strong></span> <span class='ocrx_word' id='word_1_84' title='bbox 1144 1208 1396 1275; x_wconf 85' lang='lat' dir='ltr'><strong>dinosci</strong></span> <span class='ocrx_word' id='word_1_85' title='bbox 1444 1231 1581 1274; x_wconf 91' lang='lat' dir='ltr'><strong>non</strong></span> <span class='ocrx_word' id='word_1_86' title='bbox 1628 1209 1903 1295; x_wconf 89' lang='lat' dir='ltr'><strong>possint,</strong></span> <span class='ocrx_word' id='word_1_87' title='bbox 1957 1209 2241 1295; x_wconf 91' lang='lat' dir='ltr'><strong>ideoque</strong></span> <span class='ocrx_word' id='word_1_88' title='bbox 2282 1209 2352 1275; x_wconf 94' lang='lat' dir='ltr'><strong>in</strong></span> <span class='ocrx_word' id='word_1_89' title='bbox 2388 1209 2512 1275; x_wconf 91' lang='lat' dir='ltr'><strong>hac</strong></span> <span class='ocrx_word' id='word_1_90' title='bbox 2548 1210 2690 1295; x_wconf 89' lang='lat' dir='ltr'><strong>ipsa</strong></span> 
     </span>
     <span class='ocr_line' id='line_1_12' title="bbox 216 1315 2689 1403; baseline 0 -22"><span class='ocrx_word' id='word_1_91' title='bbox 216 1316 436 1394; x_wconf 82' lang='lat' dir='ltr'><strong>Italia,</strong></span> <span class='ocrx_word' id='word_1_92' title='bbox 479 1316 654 1403; x_wconf 91' lang='lat' dir='ltr'><strong>ne[c]</strong></span> <span class='ocrx_word' id='word_1_93' title='bbox 696 1316 913 1381; x_wconf 91' lang='lat' dir='ltr'><strong>dicam</strong></span> <span class='ocrx_word' id='word_1_94' title='bbox 949 1316 1018 1381; x_wconf 91' lang='lat' dir='ltr'><strong>in</strong></span> <span class='ocrx_word' id='word_1_95' title='bbox 1054 1329 1190 1381; x_wconf 89' lang='lat' dir='ltr'><strong>tam</strong></span> <span class='ocrx_word' id='word_1_96' title='bbox 1228 1315 1468 1381; x_wconf 89' lang='lat' dir='ltr'><strong>diffuso</strong></span> <span class='ocrx_word' id='word_1_97' title='bbox 1504 1329 1826 1381; x_wconf 89' lang='lat' dir='ltr'><strong>terrarum</strong></span> <span class='ocrx_word' id='word_1_98' title='bbox 1863 1315 2043 1394; x_wconf 94' lang='lat' dir='ltr'><strong>orbe,</strong></span> <span class='ocrx_word' id='word_1_99' title='bbox 2092 1315 2346 1381; x_wconf 91' lang='lat' dir='ltr'><strong>uicinae</strong></span> <span class='ocrx_word' id='word_1_100' title='bbox 2391 1316 2689 1382; x_wconf 89' lang='lat' dir='ltr'><strong>nationes</strong></span> 
     </span>
     <span class='ocr_line' id='line_1_13' title="bbox 215 1421 2687 1508; baseline 0 -20"><span class='ocrx_word' id='word_1_101' title='bbox 215 1421 615 1488; x_wconf 86' lang='lat' dir='ltr'><strong>nominibus</strong></span> <span class='ocrx_word' id='word_1_102' title='bbox 658 1444 886 1488; x_wconf 88' lang='lat' dir='ltr'><strong>earum</strong></span> <span class='ocrx_word' id='word_1_103' title='bbox 931 1422 1304 1508; x_wconf 89' lang='lat' dir='ltr'><strong>discrepant</strong></span> <span class='ocrx_word' id='word_1_104' title='bbox 1343 1421 1732 1507; x_wconf 88' lang='lat' dir='ltr'><strong>uariantque</strong></span> <span class='ocrx_word' id='word_1_105' title='bbox 1762 1421 2102 1487; x_wconf 88' lang='lat' dir='ltr'><strong>uocabula.</strong></span> <span class='ocrx_word' id='word_1_106' title='bbox 2174 1442 2265 1504; x_wconf 80' lang='grc'><strong>31</strong></span> <span class='ocrx_word' id='word_1_107' title='bbox 2297 1444 2497 1508; x_wconf 90' lang='lat' dir='ltr'><strong>quare</strong></span> <span class='ocrx_word' id='word_1_108' title='bbox 2530 1444 2687 1508; x_wconf 91' lang='lat' dir='ltr'><strong>pru-</strong></span> 
     </span>
     <span class='ocr_line' id='line_1_14' title="bbox 217 1527 2689 1614; baseline -0.001 -19"><span class='ocrx_word' id='word_1_109' title='bbox 217 1528 447 1595; x_wconf 89' lang='lat' dir='ltr'><strong>dentis</strong></span> <span class='ocrx_word' id='word_1_110' title='bbox 499 1527 794 1614; x_wconf 88' lang='lat' dir='ltr'><strong>magistri</strong></span> <span class='ocrx_word' id='word_1_111' title='bbox 842 1541 942 1594; x_wconf 90' lang='lat' dir='ltr'><strong>est</strong></span> <span class='ocrx_word' id='word_1_112' title='bbox 989 1528 1314 1594; x_wconf 92' lang='lat' dir='ltr'><strong>eiusmodi</strong></span> <span class='ocrx_word' id='word_1_113' title='bbox 1363 1528 1909 1594; x_wconf 90' lang='lat' dir='ltr'><strong>nomenclationis</strong></span> <span class='ocrx_word' id='word_1_114' title='bbox 1957 1529 2259 1614; x_wconf 89' lang='lat' dir='ltr'><strong>aucupio,</strong></span> <span class='ocrx_word' id='word_1_115' title='bbox 2312 1550 2449 1614; x_wconf 92' lang='lat' dir='ltr'><strong>quo</strong></span> <span class='ocrx_word' id='word_1_116' title='bbox 2492 1529 2689 1614; x_wconf 91' lang='lat' dir='ltr'><strong>potiri</strong></span> 
     </span>
     <span class='ocr_line' id='line_1_15' title="bbox 81 1633 2686 1722; baseline 0.001 -23"><span class='ocrx_word' id='word_1_117' title='bbox 81 1648 171 1711; x_wconf 82' lang='lat'><strong>165</strong></span> <span class='ocrx_word' id='word_1_118' title='bbox 220 1640 669 1722; x_wconf 86' lang='lat' dir='ltr'><strong>nequea&lt;n&gt;t,</strong></span> <span class='ocrx_word' id='word_1_119' title='bbox 703 1635 1034 1701; x_wconf 91' lang='lat' dir='ltr'><strong>studiosos</strong></span> <span class='ocrx_word' id='word_1_120' title='bbox 1064 1657 1200 1701; x_wconf 91' lang='lat' dir='ltr'><strong>non</strong></span> <span class='ocrx_word' id='word_1_121' title='bbox 1232 1634 1578 1713; x_wconf 89' lang='lat' dir='ltr'><strong>demorari,</strong></span> <span class='ocrx_word' id='word_1_122' title='bbox 1612 1634 1729 1699; x_wconf 92' lang='lat' dir='ltr'><strong>sed</strong></span> <span class='ocrx_word' id='word_1_123' title='bbox 1760 1633 1924 1700; x_wconf 92' lang='lat' dir='ltr'><strong>illud</strong></span> <span class='ocrx_word' id='word_1_124' title='bbox 1961 1634 2030 1700; x_wconf 91' lang='lat' dir='ltr'><strong>in</strong></span> <span class='ocrx_word' id='word_1_125' title='bbox 2052 1647 2270 1700; x_wconf 91' lang='lat' dir='ltr'><strong>totum</strong></span> <span class='ocrx_word' id='word_1_126' title='bbox 2293 1635 2686 1720; x_wconf 90' lang='lat' dir='ltr'><strong>praecipere,</strong></span> 
     </span>
     <span class='ocr_line' id='line_1_16' title="bbox 220 1740 2689 1827; baseline -0 -20"><span class='ocrx_word' id='word_1_127' title='bbox 220 1742 412 1827; x_wconf 93' lang='lat' dir='ltr'><strong>quod</strong></span> <span class='ocrx_word' id='word_1_128' title='bbox 450 1755 518 1807; x_wconf 93' lang='lat' dir='ltr'><strong>et</strong></span> <span class='ocrx_word' id='word_1_129' title='bbox 550 1740 784 1806; x_wconf 92' lang='lat' dir='ltr'><strong>Celsus</strong></span> <span class='ocrx_word' id='word_1_130' title='bbox 819 1741 909 1808; x_wconf 89' lang='lat' dir='ltr'><strong>ait</strong></span> <span class='ocrx_word' id='word_1_131' title='bbox 943 1755 1010 1807; x_wconf 90' lang='lat' dir='ltr'><strong>et</strong></span> <span class='ocrx_word' id='word_1_132' title='bbox 1044 1755 1195 1807; x_wconf 88' lang='lat' dir='ltr'><strong>ante</strong></span> <span class='ocrx_word' id='word_1_133' title='bbox 1230 1763 1385 1806; x_wconf 92' lang='lat' dir='ltr'><strong>eum</strong></span> <span class='ocrx_word' id='word_1_134' title='bbox 1422 1741 1696 1806; x_wconf 89' lang='lat' dir='ltr'><strong>Marcus</strong></span> <span class='ocrx_word' id='word_1_135' title='bbox 1721 1740 1907 1819; x_wconf 90' lang='lat' dir='ltr'><strong>Cato,</strong></span> <span class='ocrx_word' id='word_1_136' title='bbox 1936 1740 2193 1806; x_wconf 90' lang='lat' dir='ltr'><strong>nullum</strong></span> <span class='ocrx_word' id='word_1_137' title='bbox 2216 1762 2425 1826; x_wconf 90' lang='lat' dir='ltr'><strong>genus</strong></span> <span class='ocrx_word' id='word_1_138' title='bbox 2448 1741 2689 1806; x_wconf 90' lang='lat' dir='ltr'><strong>uitium</strong></span> 
     </span>
     <span class='ocr_line' id='line_1_17' title="bbox 220 1846 2690 1926; baseline -0 -13"><span class='ocrx_word' id='word_1_139' title='bbox 220 1847 715 1914; x_wconf 86' lang='lat' dir='ltr'><strong>conserendum</strong></span> <span class='ocrx_word' id='word_1_140' title='bbox 770 1869 931 1926; x_wconf 88' lang='lat' dir='ltr'><strong>esse,</strong></span> <span class='ocrx_word' id='word_1_141' title='bbox 975 1848 1100 1913; x_wconf 92' lang='lat' dir='ltr'><strong>nisi</strong></span> <span class='ocrx_word' id='word_1_142' title='bbox 1141 1847 1335 1926; x_wconf 89' lang='lat' dir='ltr'><strong>fama,</strong></span> <span class='ocrx_word' id='word_1_143' title='bbox 1379 1846 1640 1913; x_wconf 90' lang='lat' dir='ltr'><strong>nullum</strong></span> <span class='ocrx_word' id='word_1_144' title='bbox 1681 1847 1930 1912; x_wconf 91' lang='lat' dir='ltr'><strong>diutius</strong></span> <span class='ocrx_word' id='word_1_145' title='bbox 1970 1848 2518 1926; x_wconf 90' lang='lat' dir='ltr'><strong>conseruandum,</strong></span> <span class='ocrx_word' id='word_1_146' title='bbox 2563 1847 2690 1913; x_wconf 90' lang='lat' dir='ltr'><strong>nisi</strong></span> 
     </span>
     <span class='ocr_line' id='line_1_18' title="bbox 221 1952 2690 2040; baseline 0 -21"><span class='ocrx_word' id='word_1_147' title='bbox 221 1955 683 2040; x_wconf 85' lang='lat' dir='ltr'><strong>experimento</strong></span> <span class='ocrx_word' id='word_1_148' title='bbox 713 1952 1084 2039; x_wconf 89' lang='lat' dir='ltr'><strong>probatum.</strong></span> <span class='ocrx_word' id='word_1_149' title='bbox 1115 1955 1375 2040; x_wconf 91' lang='lat' dir='ltr'><strong>Atque</strong></span> <span class='ocrx_word' id='word_1_150' title='bbox 1405 1952 1813 2019; x_wconf 89' lang='lat' dir='ltr'><strong>ubimulta</strong></span> <span class='ocrx_word' id='word_1_151' title='bbox 1846 1952 2307 2019; x_wconf 90' lang='lat' dir='ltr'><strong>inuitabunt</strong></span> <span class='ocrx_word' id='word_1_152' title='bbox 2341 1953 2690 2039; x_wconf 89' lang='lat' dir='ltr'><strong>regionis</strong></span> 
     </span>
     <span class='ocr_line' id='line_1_19' title="bbox 234 2060 2689 2144; baseline -0 -18"><span class='ocrx_word' id='word_1_153' title='bbox 234 2060 669 2139; x_wconf 89' lang='lat' dir='ltr'><strong>commoda,</strong></span> <span class='ocrx_word' id='word_1_154' title='bbox 747 2074 832 2125; x_wconf 90' lang='lat' dir='ltr'><strong>ut</strong></span> <span class='ocrx_word' id='word_1_155' title='bbox 903 2060 1251 2126; x_wconf 93' lang='lat' dir='ltr'><strong>nobilem</strong></span> <span class='ocrx_word' id='word_1_156' title='bbox 1320 2060 1567 2126; x_wconf 91' lang='lat' dir='ltr'><strong>uitem</strong></span> <span class='ocrx_word' id='word_1_157' title='bbox 1627 2080 2151 2139; x_wconf 88' lang='lat' dir='ltr'><strong>conseramus,</strong></span> <span class='ocrx_word' id='word_1_158' title='bbox 2229 2080 2689 2144; x_wconf 88' lang='lat' dir='ltr'><strong>generosam</strong></span> 
     </span>
     <span class='ocr_line' id='line_1_20' title="bbox 90 2165 2690 2254; baseline 0.002 -26"><span class='ocrx_word' id='word_1_159' title='bbox 90 2191 185 2240; x_wconf 84' lang='lat'><strong>170</strong></span> <span class='ocrx_word' id='word_1_160' title='bbox 235 2167 761 2254; x_wconf 88' lang='lat' dir='ltr'><strong>requiremus,</strong></span> <span class='ocrx_word' id='word_1_161' title='bbox 811 2167 1027 2253; x_wconf 91' lang='lat' dir='ltr'><strong>inquit</strong></span> <span class='ocrx_word' id='word_1_162' title='bbox 1070 2167 1279 2232; x_wconf 92' lang='lat' dir='ltr'><strong>Iulius</strong></span> <span class='ocrx_word' id='word_1_163' title='bbox 1322 2166 1710 2245; x_wconf 88' lang='lat' dir='ltr'><strong>Graecinus;</strong></span> <span class='ocrx_word' id='word_1_164' title='bbox 1753 2165 1889 2232; x_wconf 91' lang='lat' dir='ltr'><strong>ubi</strong></span> <span class='ocrx_word' id='word_1_165' title='bbox 1931 2165 2132 2232; x_wconf 92' lang='lat' dir='ltr'><strong>nihil</strong></span> <span class='ocrx_word' id='word_1_166' title='bbox 2173 2166 2324 2232; x_wconf 89' lang='lat' dir='ltr'><strong>erit</strong></span> <span class='ocrx_word' id='word_1_167' title='bbox 2362 2180 2495 2232; x_wconf 88' lang='lat' dir='ltr'><strong>aut</strong></span> <span class='ocrx_word' id='word_1_168' title='bbox 2535 2188 2690 2232; x_wconf 91' lang='lat' dir='ltr'><strong>non</strong></span> 
     </span>
     <span class='ocr_line' id='line_1_21' title="bbox 238 2272 2687 2359; baseline -0 -21"><span class='ocrx_word' id='word_1_169' title='bbox 238 2273 601 2352; x_wconf 91' lang='lat' dir='ltr'><strong>multum,</strong></span> <span class='ocrx_word' id='word_1_170' title='bbox 672 2274 882 2359; x_wconf 95' lang='lat' dir='ltr'><strong>quod</strong></span> <span class='ocrx_word' id='word_1_171' title='bbox 950 2272 1309 2359; x_wconf 92' lang='lat' dir='ltr'><strong>proritet,</strong></span> <span class='ocrx_word' id='word_1_172' title='bbox 1368 2272 1865 2338; x_wconf 86' lang='lat' dir='ltr'><strong>feracitatem</strong></span> <span class='ocrx_word' id='word_1_173' title='bbox 1927 2272 2194 2358; x_wconf 92' lang='lat' dir='ltr'><strong>potius</strong></span> <span class='ocrx_word' id='word_1_174' title='bbox 2245 2294 2687 2358; x_wconf 91' lang='lat' dir='ltr'><strong>sequemur,</strong></span> 
     </span>
     <span class='ocr_line' id='line_1_22' title="bbox 237 2378 2692 2465; baseline -0 -20"><span class='ocrx_word' id='word_1_175' title='bbox 237 2400 438 2465; x_wconf 88' lang='lat' dir='ltr'><strong>quae</strong></span> <span class='ocrx_word' id='word_1_176' title='bbox 497 2401 652 2445; x_wconf 90' lang='lat' dir='ltr'><strong>non</strong></span> <span class='ocrx_word' id='word_1_177' title='bbox 707 2380 975 2445; x_wconf 89' lang='lat' dir='ltr'><strong>eadem</strong></span> <span class='ocrx_word' id='word_1_178' title='bbox 1031 2380 1399 2465; x_wconf 90' lang='lat' dir='ltr'><strong>portione</strong></span> <span class='ocrx_word' id='word_1_179' title='bbox 1447 2379 1802 2445; x_wconf 91' lang='lat' dir='ltr'><strong>uincitur</strong></span> <span class='ocrx_word' id='word_1_180' title='bbox 1857 2379 2114 2465; x_wconf 92' lang='lat' dir='ltr'><strong>pretio</strong></span> <span class='ocrx_word' id='word_1_181' title='bbox 2163 2399 2392 2465; x_wconf 88' lang='lat' dir='ltr'><strong>quam</strong></span> <span class='ocrx_word' id='word_1_182' title='bbox 2434 2378 2692 2444; x_wconf 93' lang='lat' dir='ltr'><strong>uincit</strong></span> 
     </span>
     <span class='ocr_line' id='line_1_23' title="bbox 240 2486 751 2552; baseline 0.002 -3"><span class='ocrx_word' id='word_1_183' title='bbox 240 2486 751 2552; x_wconf 88' lang='lat' dir='ltr'><strong>abundantia.</strong></span> 
     </span>
     <span class='ocr_line' id='line_1_24' title="bbox 310 2591 2688 2680; baseline -0.001 -21"><span class='ocrx_word' id='word_1_184' title='bbox 310 2612 402 2674; x_wconf 80' lang='lat'><strong>32</strong></span> <span class='ocrx_word' id='word_1_185' title='bbox 446 2592 579 2658; x_wconf 92' lang='lat' dir='ltr'><strong>Sed</strong></span> <span class='ocrx_word' id='word_1_186' title='bbox 609 2593 693 2658; x_wconf 91' lang='lat' dir='ltr'><strong>de</strong></span> <span class='ocrx_word' id='word_1_187' title='bbox 720 2591 844 2658; x_wconf 90' lang='lat' dir='ltr'><strong>hac</strong></span> <span class='ocrx_word' id='word_1_188' title='bbox 871 2594 1193 2660; x_wconf 89' lang='lat' dir='ltr'><strong>sententia</strong></span> <span class='ocrx_word' id='word_1_189' title='bbox 1222 2614 1627 2680; x_wconf 88' lang='lat' dir='ltr'><strong>quamquam</strong></span> <span class='ocrx_word' id='word_1_190' title='bbox 1657 2607 1723 2659; x_wconf 91' lang='lat' dir='ltr'><strong>et</strong></span> <span class='ocrx_word' id='word_1_191' title='bbox 1751 2593 1891 2679; x_wconf 89' lang='lat' dir='ltr'><strong>ipse</strong></span> <span class='ocrx_word' id='word_1_192' title='bbox 1921 2591 2118 2678; x_wconf 88' lang='lat' dir='ltr'><strong>paulo</strong></span> <span class='ocrx_word' id='word_1_193' title='bbox 2148 2606 2298 2658; x_wconf 88' lang='lat' dir='ltr'><strong>ante</strong></span> <span class='ocrx_word' id='word_1_194' title='bbox 2327 2592 2506 2657; x_wconf 91' lang='lat' dir='ltr'><strong>idem</strong></span> <span class='ocrx_word' id='word_1_195' title='bbox 2534 2613 2688 2658; x_wconf 91' lang='lat' dir='ltr'><strong>cen-</strong></span> 
     </span>
     <span class='ocr_line' id='line_1_25' title="bbox 105 2699 2690 2785; baseline 0.002 -27"><span class='ocrx_word' id='word_1_196' title='bbox 105 2721 189 2773; x_wconf 85' lang='lat'><strong>¹75</strong></span> <span class='ocrx_word' id='word_1_197' title='bbox 234 2699 503 2777; x_wconf 89' lang='lat' dir='ltr'><strong>suerim,</strong></span> <span class='ocrx_word' id='word_1_198' title='bbox 550 2699 713 2785; x_wconf 91' lang='lat' dir='ltr'><strong>quid</strong></span> <span class='ocrx_word' id='word_1_199' title='bbox 753 2712 975 2765; x_wconf 89' lang='lat' dir='ltr'><strong>tamen</strong></span> <span class='ocrx_word' id='word_1_200' title='bbox 1016 2700 1313 2765; x_wconf 88' lang='lat' dir='ltr'><strong>arcanius</strong></span> <span class='ocrx_word' id='word_1_201' title='bbox 1356 2699 1663 2778; x_wconf 88' lang='lat' dir='ltr'><strong>iudicem,</strong></span> <span class='ocrx_word' id='word_1_202' title='bbox 1708 2721 1829 2765; x_wconf 91' lang='lat' dir='ltr'><strong>suo</strong></span> <span class='ocrx_word' id='word_1_203' title='bbox 1871 2699 2015 2764; x_wconf 94' lang='lat' dir='ltr'><strong>loco</strong></span> <span class='ocrx_word' id='word_1_204' title='bbox 2057 2720 2213 2764; x_wconf 88' lang='lat' dir='ltr'><strong>mox</strong></span> <span class='ocrx_word' id='word_1_205' title='bbox 2254 2699 2490 2764; x_wconf 90' lang='lat' dir='ltr'><strong>dicam.</strong></span> <span class='ocrx_word' id='word_1_206' title='bbox 2530 2699 2690 2764; x_wconf 93' lang='lat' dir='ltr'><strong>Pro-</strong></span> 
     </span>
     <span class='ocr_line' id='line_1_26' title="bbox 233 2804 2692 2891; baseline -0.001 -19"><span class='ocrx_word' id='word_1_207' title='bbox 233 2806 529 2891; x_wconf 91' lang='lat' dir='ltr'><strong>positum</strong></span> <span class='ocrx_word' id='word_1_208' title='bbox 573 2820 673 2872; x_wconf 90' lang='lat' dir='ltr'><strong>est</strong></span> <span class='ocrx_word' id='word_1_209' title='bbox 712 2806 892 2871; x_wconf 90' lang='lat' dir='ltr'><strong>enim</strong></span> <span class='ocrx_word' id='word_1_210' title='bbox 920 2806 1175 2884; x_wconf 90' lang='lat' dir='ltr'><strong>docere,</strong></span> <span class='ocrx_word' id='word_1_211' title='bbox 1207 2827 1339 2891; x_wconf 89' lang='lat' dir='ltr'><strong>qua</strong></span> <span class='ocrx_word' id='word_1_212' title='bbox 1366 2805 1617 2872; x_wconf 90' lang='lat' dir='ltr'><strong>ratione</strong></span> <span class='ocrx_word' id='word_1_213' title='bbox 1645 2806 1875 2871; x_wconf 90' lang='lat' dir='ltr'><strong>uineae</strong></span> <span class='ocrx_word' id='word_1_214' title='bbox 1904 2805 2146 2891; x_wconf 91' lang='lat' dir='ltr'><strong>pariter</strong></span> <span class='ocrx_word' id='word_1_215' title='bbox 2172 2804 2419 2871; x_wconf 86' lang='lat' dir='ltr'><strong>feraces</strong></span> <span class='ocrx_word' id='word_1_216' title='bbox 2445 2819 2513 2871; x_wconf 95' lang='lat' dir='ltr'><strong>et</strong></span> <span class='ocrx_word' id='word_1_217' title='bbox 2540 2826 2692 2890; x_wconf 92' lang='lat' dir='ltr'><strong>pre-</strong></span> 
     </span>
     <span class='ocr_line' id='line_1_27' title="bbox 237 2911 1411 2997; baseline 0 -20"><span class='ocrx_word' id='word_1_218' title='bbox 237 2912 442 2978; x_wconf 90' lang='lat' dir='ltr'><strong>tiosae</strong></span> <span class='ocrx_word' id='word_1_219' title='bbox 473 2911 765 2978; x_wconf 86' lang='lat' dir='ltr'><strong>fluxurae</strong></span> <span class='ocrx_word' id='word_1_220' title='bbox 795 2911 1051 2997; x_wconf 88' lang='lat' dir='ltr'><strong>possint</strong></span> <span class='ocrx_word' id='word_1_221' title='bbox 1081 2912 1411 2977; x_wconf 90' lang='lat' dir='ltr'><strong>constitui.</strong></span> 
     </span>
    </p>
   </div>
   <div class='ocr_carea' id='block_1_3' title="bbox 157 3141 2696 3335">
    <p class='ocr_par' dir='ltr' id='par_1_3' title="bbox 157 3141 2696 3335">
     <span class='ocr_line' id='line_1_28' title="bbox 157 3141 2695 3229; baseline 0 -23"><span class='ocrx_word' id='word_1_222' title='bbox 157 3150 201 3226; x_wconf 83' lang='grc'>3</span> <span class='ocrx_word' id='word_1_223' title='bbox 326 3164 366 3206; x_wconf 79' lang='grc' dir='ltr'><em>ι</em></span> <span class='ocrx_word' id='word_1_224' title='bbox 413 3143 635 3221; x_wconf 90' lang='lat' dir='ltr'><strong>Nunc,</strong></span> <span class='ocrx_word' id='word_1_225' title='bbox 686 3142 1074 3229; x_wconf 87' lang='lat' dir='ltr'><strong>priusquam</strong></span> <span class='ocrx_word' id='word_1_226' title='bbox 1121 3143 1204 3208; x_wconf 94' lang='lat' dir='ltr'><strong>de</strong></span> <span class='ocrx_word' id='word_1_227' title='bbox 1251 3143 1501 3209; x_wconf 90' lang='lat' dir='ltr'><strong>satione</strong></span> <span class='ocrx_word' id='word_1_228' title='bbox 1548 3142 1789 3209; x_wconf 93' lang='lat' dir='ltr'><strong>uitium</strong></span> <span class='ocrx_word' id='word_1_229' title='bbox 1837 3142 2171 3222; x_wconf 87' lang='lat' dir='ltr'><strong>disseram,</strong></span> <span class='ocrx_word' id='word_1_230' title='bbox 2224 3164 2359 3208; x_wconf 90' lang='lat' dir='ltr'><strong>non</strong></span> <span class='ocrx_word' id='word_1_231' title='bbox 2407 3141 2695 3215; x_wconf 78' lang='lat' dir='ltr'><strong>alienum</strong></span> 
     </span>
     <span class='ocr_line' id='line_1_29' title="bbox 238 3247 2696 3335; baseline 0 -21"><span class='ocrx_word' id='word_1_232' title='bbox 238 3263 400 3334; x_wconf 91' lang='lat' dir='ltr'><strong>puto</strong></span> <span class='ocrx_word' id='word_1_233' title='bbox 438 3247 624 3315; x_wconf 91' lang='lat' dir='ltr'><strong>uelut</strong></span> <span class='ocrx_word' id='word_1_234' title='bbox 661 3248 1000 3334; x_wconf 85' lang='lat' dir='ltr'><strong>quoddam</strong></span> <span class='ocrx_word' id='word_1_235' title='bbox 1037 3247 1547 3315; x_wconf 86' lang='lat' dir='ltr'><strong>fundamentum</strong></span> <span class='ocrx_word' id='word_1_236' title='bbox 1586 3249 1793 3314; x_wconf 89' lang='lat' dir='ltr'><strong>iacere</strong></span> <span class='ocrx_word' id='word_1_237' title='bbox 1831 3248 2261 3335; x_wconf 90' lang='lat' dir='ltr'><strong>disputationi</strong></span> <span class='ocrx_word' id='word_1_238' title='bbox 2298 3248 2578 3327; x_wconf 86' lang='lat' dir='ltr'><strong>futurae,</strong></span> <span class='ocrx_word' id='word_1_239' title='bbox 2619 3262 2696 3314; x_wconf 95' lang='lat' dir='ltr'><strong>ut</strong></span> 
     </span>
    </p>
   </div>
   <div class='ocr_carea' id='block_1_4' title="bbox 241 3429 665 3438">
    <p class='ocr_par' dir='ltr' id='par_1_4' title="bbox 241 3429 665 3438">
     <span class='ocr_line' id='line_1_30' title="bbox 241 3429 665 3438; baseline 0 2121"><span class='ocrx_word' id='word_1_240' title='bbox 241 3429 665 3438; x_wconf 95' lang='lat' dir='ltr'><strong> </strong></span> 
     </span>
    </p>
   </div>
   <div class='ocr_carea' id='block_1_5' title="bbox 239 3530 2697 4487">
    <p class='ocr_par' dir='ltr' id='par_1_5' title="bbox 239 3530 2697 4487">
     <span class='ocr_line' id='line_1_31' title="bbox 239 3530 2697 3596; baseline 0.001 -12"><span class='ocrx_word' id='word_1_241' title='bbox 239 3531 473 3594; x_wconf 72' lang='lat' dir='ltr'><strong>parat-ari</strong></span> <span class='ocrx_word' id='word_1_242' title='bbox 489 3532 546 3583; x_wconf 76' lang='lat' dir='ltr'>A</span> <span class='ocrx_word' id='word_1_243' title='bbox 560 3561 595 3569; x_wconf 91' lang='lat'>-</span> <span class='ocrx_word' id='word_1_244' title='bbox 614 3532 901 3595; x_wconf 78' lang='lat' dir='ltr'><strong>gerositate</strong></span> <span class='ocrx_word' id='word_1_245' title='bbox 919 3531 1058 3584; x_wconf 78' lang='lat' dir='ltr'>S¹A¹</span> <span class='ocrx_word' id='word_1_246' title='bbox 1074 3561 1112 3570; x_wconf 89' lang='lat'>-</span> <span class='ocrx_word' id='word_1_247' title='bbox 1135 3547 1230 3596; x_wconf 84' lang='lat'><strong>153</strong></span> <span class='ocrx_word' id='word_1_248' title='bbox 1248 3541 1369 3596; x_wconf 79' lang='lat' dir='ltr'><strong>post</strong></span> <span class='ocrx_word' id='word_1_249' title='bbox 1385 3548 1565 3596; x_wconf 90' lang='lat' dir='ltr'><strong>neque</strong></span> <span class='ocrx_word' id='word_1_250' title='bbox 1584 3532 1708 3584; x_wconf 82' lang='lat' dir='ltr'><strong>add.</strong></span> <span class='ocrx_word' id='word_1_251' title='bbox 1729 3533 1879 3584; x_wconf 87' lang='lat' dir='ltr'><strong>enim</strong></span> <span class='ocrx_word' id='word_1_252' title='bbox 1895 3533 1948 3584; x_wconf 99' lang='lat' dir='ltr'>R</span> <span class='ocrx_word' id='word_1_253' title='bbox 1974 3532 2124 3595; x_wconf 84' lang='lat' dir='ltr'><strong>Verg.</strong></span> <span class='ocrx_word' id='word_1_254' title='bbox 2144 3558 2182 3568; x_wconf 91' lang='lat'>-</span> <span class='ocrx_word' id='word_1_255' title='bbox 2204 3549 2225 3584; x_wconf 87' lang='lat'>1</span> <span class='ocrx_word' id='word_1_256' title='bbox 2237 3547 2305 3596; x_wconf 87' lang='grc'><strong>54</strong></span> <span class='ocrx_word' id='word_1_257' title='bbox 2323 3548 2556 3584; x_wconf 87' lang='lat' dir='ltr'><strong>numero</strong></span> <span class='ocrx_word' id='word_1_258' title='bbox 2568 3530 2697 3586; x_wconf 65' lang='grc' dir='ltr'><strong>ὴλσ</strong></span> 
     </span>
     <span class='ocr_line' id='line_1_32' title="bbox 248 3620 2694 3685; baseline 0 -14"><span class='ocrx_word' id='word_1_259' title='bbox 248 3620 394 3685; x_wconf 75' lang='lat' dir='ltr'><strong>Verg.</strong></span> <span class='ocrx_word' id='word_1_260' title='bbox 440 3649 477 3659; x_wconf 90' lang='lat'>-</span> <span class='ocrx_word' id='word_1_261' title='bbox 515 3621 923 3684; x_wconf 85' lang='lat' dir='ltr'><strong>comprehende</strong></span> <span class='ocrx_word' id='word_1_262' title='bbox 953 3621 1045 3673; x_wconf 72' lang='lat' dir='ltr'><strong>SA</strong></span> <span class='ocrx_word' id='word_1_263' title='bbox 1063 3647 1103 3657; x_wconf 95' lang='lat'>-</span> <span class='ocrx_word' id='word_1_264' title='bbox 1137 3621 1237 3684; x_wconf 92' lang='grc'><strong>156</strong></span> <span class='ocrx_word' id='word_1_265' title='bbox 1269 3621 1563 3673; x_wconf 86' lang='lat' dir='ltr'><strong>turbentur</strong></span> <span class='ocrx_word' id='word_1_266' title='bbox 1587 3620 1627 3673; x_wconf 86' lang='lat' dir='ltr'>S</span> <span class='ocrx_word' id='word_1_267' title='bbox 1656 3621 1808 3685; x_wconf 77' lang='lat' dir='ltr'><strong>Verg.</strong></span> <span class='ocrx_word' id='word_1_268' title='bbox 1834 3622 2054 3673; x_wconf 86' lang='lat' dir='ltr'><strong>turbem</strong></span> <span class='ocrx_word' id='word_1_269' title='bbox 2077 3621 2128 3673; x_wconf 71' lang='lat' dir='ltr'>A</span> <span class='ocrx_word' id='word_1_270' title='bbox 2149 3632 2439 3673; x_wconf 88' lang='lat' dir='ltr'><strong>uersentur</strong></span> <span class='ocrx_word' id='word_1_271' title='bbox 2458 3621 2511 3672; x_wconf 99' lang='lat' dir='ltr'>R</span> <span class='ocrx_word' id='word_1_272' title='bbox 2530 3647 2570 3657; x_wconf 90' lang='lat'><em>-</em></span> <span class='ocrx_word' id='word_1_273' title='bbox 2596 3635 2694 3685; x_wconf 82' lang='grc'><strong>157</strong></span> 
     </span>
     <span class='ocr_line' id='line_1_33' title="bbox 240 3708 2695 3774; baseline -0 -11"><span class='ocrx_word' id='word_1_274' title='bbox 240 3709 487 3763; x_wconf 74' lang='lat' dir='ltr'><strong>uniuersi</strong></span> <span class='ocrx_word' id='word_1_275' title='bbox 509 3709 623 3762; x_wconf 79' lang='lat' dir='ltr'><strong>SA1</strong></span> <span class='ocrx_word' id='word_1_276' title='bbox 646 3735 683 3745; x_wconf 92' lang='lat'>-</span> <span class='ocrx_word' id='word_1_277' title='bbox 711 3709 809 3773; x_wconf 88' lang='grc'><strong>158</strong></span> <span class='ocrx_word' id='word_1_278' title='bbox 833 3710 1289 3761; x_wconf 80' lang='lat' dir='ltr'><strong>consuetudinem</strong></span> <span class='ocrx_word' id='word_1_279' title='bbox 1306 3709 1398 3762; x_wconf 78' lang='lat' dir='ltr'><strong>SA</strong></span> <span class='ocrx_word' id='word_1_280' title='bbox 1418 3735 1457 3745; x_wconf 96' lang='lat'><em>-</em></span> <span class='ocrx_word' id='word_1_281' title='bbox 1484 3710 1584 3761; x_wconf 84' lang='lat'><strong>160</strong></span> <span class='ocrx_word' id='word_1_282' title='bbox 1603 3726 1632 3760; x_wconf 96' lang='lat' dir='ltr'><strong>a</strong></span> <span class='ocrx_word' id='word_1_283' title='bbox 1652 3708 1911 3774; x_wconf 70' lang='lat' dir='ltr'><strong>th&#39;r&#39;co</strong></span> <span class='ocrx_word' id='word_1_284' title='bbox 1929 3721 1983 3761; x_wconf 89' lang='lat' dir='ltr'><strong>et</strong></span> <span class='ocrx_word' id='word_1_285' title='bbox 2001 3722 2077 3774; x_wconf 75' lang='lat' dir='ltr'><strong>py</strong></span> <span class='ocrx_word' id='word_1_286' title='bbox 2095 3726 2193 3761; x_wconf 85' lang='lat' dir='ltr'><strong>om.</strong></span> <span class='ocrx_word' id='word_1_287' title='bbox 2215 3709 2306 3761; x_wconf 78' lang='lat' dir='ltr'><strong>SA</strong></span> <span class='ocrx_word' id='word_1_288' title='bbox 2322 3735 2360 3744; x_wconf 94' lang='lat'>-</span> <span class='ocrx_word' id='word_1_289' title='bbox 2383 3710 2474 3761; x_wconf 90' lang='grc'><strong>161</strong></span> <span class='ocrx_word' id='word_1_290' title='bbox 2507 3710 2695 3762; x_wconf 88' lang='lat' dir='ltr'><strong>deces-</strong></span> 
     </span>
     <span class='ocr_line' id='line_1_34' title="bbox 244 3796 2691 3864; baseline 0 -14"><span class='ocrx_word' id='word_1_291' title='bbox 244 3799 411 3850; x_wconf 77' lang='lat' dir='ltr'><strong>serint</strong></span> <span class='ocrx_word' id='word_1_292' title='bbox 438 3796 666 3863; x_wconf 65' lang='lat' dir='ltr'><strong>moyn</strong></span> <span class='ocrx_word' id='word_1_293' title='bbox 698 3798 884 3850; x_wconf 91' lang='lat' dir='ltr'><strong>—ideo</strong></span> <span class='ocrx_word' id='word_1_294' title='bbox 905 3815 1019 3861; x_wconf 90' lang='lat' dir='ltr'><strong>quo</strong></span> <span class='ocrx_word' id='word_1_295' title='bbox 1040 3799 1093 3850; x_wconf 78' lang='lat' dir='ltr'>A</span> <span class='ocrx_word' id='word_1_296' title='bbox 1124 3824 1164 3835; x_wconf 93' lang='lat'><em>-</em></span> <span class='ocrx_word' id='word_1_297' title='bbox 1191 3799 1289 3851; x_wconf 83' lang='lat'><strong>162</strong></span> <span class='ocrx_word' id='word_1_298' title='bbox 1316 3798 1529 3850; x_wconf 85' lang='lat' dir='ltr'><strong>Italiam</strong></span> <span class='ocrx_word' id='word_1_299' title='bbox 1549 3798 1641 3850; x_wconf 78' lang='lat' dir='ltr'><strong>SA</strong></span> <span class='ocrx_word' id='word_1_300' title='bbox 1660 3824 1699 3834; x_wconf 97' lang='lat'><em>-</em></span> <span class='ocrx_word' id='word_1_301' title='bbox 1720 3816 1789 3850; x_wconf 88' lang='lat' dir='ltr'><strong>ne</strong></span> <span class='ocrx_word' id='word_1_302' title='bbox 1811 3812 1889 3864; x_wconf 72' lang='grc' dir='ltr'><strong>γς</strong></span> <span class='ocrx_word' id='word_1_303' title='bbox 1911 3815 2013 3850; x_wconf 88' lang='lat' dir='ltr'><strong>nec</strong></span> <span class='ocrx_word' id='word_1_304' title='bbox 2034 3798 2176 3850; x_wconf 75' lang='lat' dir='ltr'><strong>SAR</strong></span> <span class='ocrx_word' id='word_1_305' title='bbox 2196 3825 2234 3834; x_wconf 94' lang='lat'>-</span> <span class='ocrx_word' id='word_1_306' title='bbox 2256 3799 2448 3850; x_wconf 88' lang='lat' dir='ltr'><strong>orbem</strong></span> <span class='ocrx_word' id='word_1_307' title='bbox 2470 3798 2509 3850; x_wconf 92' lang='lat' dir='ltr'>S</span> <span class='ocrx_word' id='word_1_308' title='bbox 2530 3824 2569 3834; x_wconf 97' lang='lat'><em>-</em></span> <span class='ocrx_word' id='word_1_309' title='bbox 2596 3799 2691 3862; x_wconf 84' lang='grc'><strong>163</strong></span> 
     </span>
     <span class='ocr_line' id='line_1_35' title="bbox 242 3886 2696 3951; baseline 0 -12"><span class='ocrx_word' id='word_1_310' title='bbox 242 3887 609 3951; x_wconf 79' lang='lat' dir='ltr'><strong>didiacrepant</strong></span> <span class='ocrx_word' id='word_1_311' title='bbox 641 3886 778 3939; x_wconf 78' lang='lat' dir='ltr'><strong>s1A¹</strong></span> <span class='ocrx_word' id='word_1_312' title='bbox 805 3914 843 3923; x_wconf 93' lang='lat'>-</span> <span class='ocrx_word' id='word_1_313' title='bbox 876 3887 975 3951; x_wconf 85' lang='grc'><strong>164</strong></span> <span class='ocrx_word' id='word_1_314' title='bbox 1005 3888 1455 3939; x_wconf 75' lang='lat' dir='ltr'><strong>nomenclationis</strong></span> <span class='ocrx_word' id='word_1_315' title='bbox 1473 3886 1710 3939; x_wconf 76' lang='lat' dir='ltr'><strong>ewo’uc</strong></span> <span class='ocrx_word' id='word_1_316' title='bbox 1728 3887 2175 3940; x_wconf 84' lang='lat' dir='ltr'><strong>narnenclationis</strong></span> <span class='ocrx_word' id='word_1_317' title='bbox 2195 3887 2286 3939; x_wconf 77' lang='lat' dir='ltr'><strong>SA</strong></span> <span class='ocrx_word' id='word_1_318' title='bbox 2303 3887 2696 3940; x_wconf 78' lang='lat' dir='ltr'><strong>nomenclatio-</strong></span> 
     </span>
     <span class='ocr_line' id='line_1_36' title="bbox 244 3974 2697 4041; baseline -0 -12"><span class='ocrx_word' id='word_1_319' title='bbox 244 3977 327 4029; x_wconf 81' lang='lat' dir='ltr'><strong>nis</strong></span> <span class='ocrx_word' id='word_1_320' title='bbox 359 3977 567 4040; x_wconf 89' lang='lat' dir='ltr'><strong>(mom-</strong></span> <span class='ocrx_word' id='word_1_321' title='bbox 604 3974 652 4040; x_wconf 80' lang='lat' dir='ltr'><strong>j)</strong></span> <span class='ocrx_word' id='word_1_322' title='bbox 696 3974 791 4041; x_wconf 77' lang='lat' dir='ltr'><strong>hir</strong></span> <span class='ocrx_word' id='word_1_323' title='bbox 833 3976 1288 4028; x_wconf 86' lang='lat' dir='ltr'><strong>nomenolationis</strong></span> <span class='ocrx_word' id='word_1_324' title='bbox 1320 3975 1536 4040; x_wconf 71' lang='lat' dir='ltr'><strong>mffiyo</strong></span> <span class='ocrx_word' id='word_1_325' title='bbox 1559 3976 2053 4028; x_wconf 85' lang='lat' dir='ltr'><strong>nomenoblationis</strong></span> <span class='ocrx_word' id='word_1_326' title='bbox 2076 3976 2118 4028; x_wconf 87' lang='lat' dir='ltr'><strong>b</strong></span> <span class='ocrx_word' id='word_1_327' title='bbox 2141 3977 2581 4029; x_wconf 76' lang='lat' dir='ltr'><strong>nomenclationis</strong></span> <span class='ocrx_word' id='word_1_328' title='bbox 2602 3992 2638 4041; x_wconf 73' lang='lat' dir='ltr'><strong>c</strong></span> <span class='ocrx_word' id='word_1_329' title='bbox 2659 4004 2697 4013; x_wconf 93' lang='lat'><em>-</em></span> 
     </span>
     <span class='ocr_line' id='line_1_37' title="bbox 242 4063 2695 4130; baseline 0.001 -14"><span class='ocrx_word' id='word_1_330' title='bbox 242 4066 443 4128; x_wconf 86' lang='lat' dir='ltr'><strong>potiori</strong></span> <span class='ocrx_word' id='word_1_331' title='bbox 485 4063 695 4130; x_wconf 69' lang='lat' dir='ltr'><strong>thpy</strong></span> <span class='ocrx_word' id='word_1_332' title='bbox 727 4092 765 4101; x_wconf 96' lang='lat'>-</span> <span class='ocrx_word' id='word_1_333' title='bbox 806 4066 901 4129; x_wconf 90' lang='grc'><strong>165</strong></span> <span class='ocrx_word' id='word_1_334' title='bbox 937 4076 1211 4130; x_wconf 78' lang='lat' dir='ltr'><strong>nequeant</strong></span> <span class='ocrx_word' id='word_1_335' title='bbox 1243 4065 1370 4118; x_wconf 61' lang='grc' dir='ltr'><strong>εὸτι</strong></span> <span class='ocrx_word' id='word_1_336' title='bbox 1402 4076 1638 4129; x_wconf 84' lang='lat' dir='ltr'><strong>nequeat</strong></span> <span class='ocrx_word' id='word_1_337' title='bbox 1670 4065 1812 4117; x_wconf 75' lang='lat' dir='ltr'><strong>SAR</strong></span> <span class='ocrx_word' id='word_1_338' title='bbox 1846 4092 1884 4101; x_wconf 96' lang='lat'>-</span> <span class='ocrx_word' id='word_1_339' title='bbox 1918 4065 2184 4117; x_wconf 81' lang='lat' dir='ltr'><strong>demerari</strong></span> <span class='ocrx_word' id='word_1_340' title='bbox 2214 4065 2289 4118; x_wconf 76' lang='grc' dir='ltr'><strong>Αι</strong></span> <span class='ocrx_word' id='word_1_341' title='bbox 2324 4092 2364 4101; x_wconf 92' lang='grc'><strong>-</strong></span> <span class='ocrx_word' id='word_1_342' title='bbox 2398 4066 2695 4118; x_wconf 84' lang='lat' dir='ltr'><strong>demoraris</strong></span> 
     </span>
     <span class='ocr_line' id='line_1_38' title="bbox 245 4153 2693 4218; baseline 0 -13"><span class='ocrx_word' id='word_1_343' title='bbox 245 4165 296 4205; x_wconf 87' lang='lat' dir='ltr'><strong>et</strong></span> <span class='ocrx_word' id='word_1_344' title='bbox 320 4153 384 4206; x_wconf 82' lang='grc' dir='ltr'><strong>8ι</strong></span> <span class='ocrx_word' id='word_1_345' title='bbox 419 4180 458 4190; x_wconf 92' lang='grc'>-</span> <span class='ocrx_word' id='word_1_346' title='bbox 499 4154 599 4217; x_wconf 89' lang='grc'><strong>167</strong></span> <span class='ocrx_word' id='word_1_347' title='bbox 625 4154 730 4205; x_wconf 88' lang='lat' dir='ltr'><strong>nisi</strong></span> <span class='ocrx_word' id='word_1_348' title='bbox 755 4153 899 4206; x_wconf 86' lang='lat' dir='ltr'><strong>fama</strong></span> <span class='ocrx_word' id='word_1_349' title='bbox 918 4163 1039 4218; x_wconf 79' lang='lat' dir='ltr'><strong>post</strong></span> <span class='ocrx_word' id='word_1_350' title='bbox 1061 4156 1501 4207; x_wconf 80' lang='lat' dir='ltr'><strong>conseruandum</strong></span> <span class='ocrx_word' id='word_1_351' title='bbox 1527 4164 1628 4218; x_wconf 73' lang='lat' dir='ltr'><strong>up.</strong></span> <span class='ocrx_word' id='word_1_352' title='bbox 1655 4155 1708 4206; x_wconf 99' lang='lat' dir='ltr'>R</span> <span class='ocrx_word' id='word_1_353' title='bbox 1740 4181 1779 4191; x_wconf 96' lang='lat'>-</span> <span class='ocrx_word' id='word_1_354' title='bbox 1820 4154 1918 4206; x_wconf 88' lang='grc'><strong>168</strong></span> <span class='ocrx_word' id='word_1_355' title='bbox 1943 4155 2332 4218; x_wconf 80' lang='lat' dir='ltr'><strong>experimendo</strong></span> <span class='ocrx_word' id='word_1_356' title='bbox 2355 4154 2447 4207; x_wconf 78' lang='lat' dir='ltr'><strong>SA</strong></span> <span class='ocrx_word' id='word_1_357' title='bbox 2479 4180 2518 4190; x_wconf 96' lang='lat'><em>-</em></span> <span class='ocrx_word' id='word_1_358' title='bbox 2553 4154 2693 4205; x_wconf 84' lang='lat' dir='ltr'><strong>uita-</strong></span> 
     </span>
     <span class='ocr_line' id='line_1_39' title="bbox 244 4242 2696 4308; baseline 0 -14"><span class='ocrx_word' id='word_1_359' title='bbox 244 4243 384 4294; x_wconf 87' lang='lat' dir='ltr'><strong>bunt</strong></span> <span class='ocrx_word' id='word_1_360' title='bbox 413 4242 489 4295; x_wconf 78' lang='grc' dir='ltr'><strong>Αι</strong></span> <span class='ocrx_word' id='word_1_361' title='bbox 523 4269 563 4278; x_wconf 94' lang='grc'>-</span> <span class='ocrx_word' id='word_1_362' title='bbox 604 4244 703 4305; x_wconf 85' lang='grc'><strong>169</strong></span> <span class='ocrx_word' id='word_1_363' title='bbox 733 4260 938 4295; x_wconf 90' lang='lat' dir='ltr'><strong>nomen</strong></span> <span class='ocrx_word' id='word_1_364' title='bbox 967 4243 1138 4295; x_wconf 88' lang='lat' dir='ltr'><strong>uilem</strong></span> <span class='ocrx_word' id='word_1_365' title='bbox 1165 4243 1240 4295; x_wconf 61' lang='grc' dir='ltr'><strong>Α*</strong></span> <span class='ocrx_word' id='word_1_366' title='bbox 1270 4244 1514 4296; x_wconf 89' lang='lat' dir='ltr'><strong>nouilem</strong></span> <span class='ocrx_word' id='word_1_367' title='bbox 1542 4244 1618 4296; x_wconf 67' lang='grc' dir='ltr'><strong>Α*</strong></span> <span class='ocrx_word' id='word_1_368' title='bbox 1652 4270 1691 4280; x_wconf 90' lang='grc'>-</span> <span class='ocrx_word' id='word_1_369' title='bbox 1732 4257 1830 4307; x_wconf 87' lang='lat'><strong>170</strong></span> <span class='ocrx_word' id='word_1_370' title='bbox 1860 4244 2233 4308; x_wconf 87' lang='lat' dir='ltr'><strong>requieremus</strong></span> <span class='ocrx_word' id='word_1_371' title='bbox 2263 4242 2328 4295; x_wconf 82' lang='grc' dir='ltr'><strong>8ι</strong></span> <span class='ocrx_word' id='word_1_372' title='bbox 2361 4270 2399 4279; x_wconf 94' lang='grc'>-</span> <span class='ocrx_word' id='word_1_373' title='bbox 2435 4243 2614 4306; x_wconf 89' lang='lat' dir='ltr'><strong>inquit</strong></span> <span class='ocrx_word' id='word_1_374' title='bbox 2643 4243 2696 4294; x_wconf 97' lang='lat' dir='ltr'>R</span> 
     </span>
     <span class='ocr_line' id='line_1_40' title="bbox 249 4330 2696 4397; baseline 0 -14"><span class='ocrx_word' id='word_1_375' title='bbox 249 4332 306 4383; x_wconf 90' lang='lat' dir='ltr'><strong>in</strong></span> <span class='ocrx_word' id='word_1_376' title='bbox 329 4348 442 4397; x_wconf 90' lang='lat' dir='ltr'><strong>quo</strong></span> <span class='ocrx_word' id='word_1_377' title='bbox 463 4331 555 4384; x_wconf 77' lang='lat' dir='ltr'><strong>SA</strong></span> <span class='ocrx_word' id='word_1_378' title='bbox 587 4358 626 4368; x_wconf 93' lang='lat'><em>-</em></span> <span class='ocrx_word' id='word_1_379' title='bbox 666 4345 757 4395; x_wconf 89' lang='grc'><strong>171</strong></span> <span class='ocrx_word' id='word_1_380' title='bbox 787 4348 900 4396; x_wconf 89' lang='lat' dir='ltr'><strong>quo</strong></span> <span class='ocrx_word' id='word_1_381' title='bbox 920 4332 1012 4384; x_wconf 72' lang='lat' dir='ltr'><strong>SA</strong></span> <span class='ocrx_word' id='word_1_382' title='bbox 1045 4359 1083 4368; x_wconf 96' lang='lat'>-</span> <span class='ocrx_word' id='word_1_383' title='bbox 1117 4349 1305 4386; x_wconf 88' lang='lat' dir='ltr'><strong>semur</strong></span> <span class='ocrx_word' id='word_1_384' title='bbox 1324 4332 1439 4385; x_wconf 80' lang='lat' dir='ltr'><strong>SA¹</strong></span> <span class='ocrx_word' id='word_1_385' title='bbox 1473 4359 1511 4368; x_wconf 95' lang='lat'>-</span> <span class='ocrx_word' id='word_1_386' title='bbox 1551 4347 1650 4397; x_wconf 83' lang='lat'><strong>172</strong></span> <span class='ocrx_word' id='word_1_387' title='bbox 1673 4334 1925 4397; x_wconf 90' lang='lat' dir='ltr'><strong>portione</strong></span> <span class='ocrx_word' id='word_1_388' title='bbox 1945 4333 1998 4384; x_wconf 99' lang='lat' dir='ltr'>R</span> <span class='ocrx_word' id='word_1_389' title='bbox 2018 4333 2225 4384; x_wconf 89' lang='lat' dir='ltr'><strong>tionem</strong></span> <span class='ocrx_word' id='word_1_390' title='bbox 2247 4330 2362 4384; x_wconf 79' lang='lat' dir='ltr'><strong>SA¹</strong></span> <span class='ocrx_word' id='word_1_391' title='bbox 2383 4333 2696 4395; x_wconf 88' lang='lat' dir='ltr'><strong>portionem</strong></span> 
     </span>
     <span class='ocr_line' id='line_1_41' title="bbox 244 4419 2693 4487; baseline -0 -15"><span class='ocrx_word' id='word_1_392' title='bbox 244 4420 318 4473; x_wconf 71' lang='lat' dir='ltr'><strong>A·</strong></span> <span class='ocrx_word' id='word_1_393' title='bbox 351 4447 390 4457; x_wconf 94' lang='lat'>—</span> <span class='ocrx_word' id='word_1_394' title='bbox 417 4434 511 4486; x_wconf 87' lang='grc'><strong>175</strong></span> <span class='ocrx_word' id='word_1_395' title='bbox 544 4421 666 4487; x_wconf 91' lang='lat' dir='ltr'><strong>quit</strong></span> <span class='ocrx_word' id='word_1_396' title='bbox 694 4421 756 4473; x_wconf 76' lang='grc' dir='ltr'><strong>8ι</strong></span> <span class='ocrx_word' id='word_1_397' title='bbox 778 4447 817 4457; x_wconf 91' lang='grc'><strong>-</strong></span> <span class='ocrx_word' id='word_1_398' title='bbox 840 4422 1091 4485; x_wconf 83' lang='lat' dir='ltr'><strong>arganius</strong></span> <span class='ocrx_word' id='word_1_399' title='bbox 1119 4420 1209 4473; x_wconf 70' lang='lat' dir='ltr'><strong>SA</strong></span> <span class='ocrx_word' id='word_1_400' title='bbox 1236 4448 1275 4458; x_wconf 97' lang='lat'>—</span> <span class='ocrx_word' id='word_1_401' title='bbox 1303 4421 1546 4485; x_wconf 74' lang='lat' dir='ltr'><strong>positum</strong></span> <span class='ocrx_word' id='word_1_402' title='bbox 1575 4422 1614 4475; x_wconf 87' lang='lat' dir='ltr'>S</span> <span class='ocrx_word' id='word_1_403' title='bbox 1636 4449 1674 4458; x_wconf 96' lang='lat'>-</span> <span class='ocrx_word' id='word_1_404' title='bbox 1702 4435 1800 4486; x_wconf 90' lang='lat'><strong>177</strong></span> <span class='ocrx_word' id='word_1_405' title='bbox 1829 4423 2068 4473; x_wconf 83' lang='lat' dir='ltr'><strong>fluxorae</strong></span> <span class='ocrx_word' id='word_1_406' title='bbox 2094 4419 2399 4484; x_wconf 70' lang='lat' dir='ltr'><strong>Ahmfyco</strong></span> <span class='ocrx_word' id='word_1_407' title='bbox 2427 4421 2631 4472; x_wconf 79' lang='lat' dir='ltr'><strong>fluxere</strong></span> <span class='ocrx_word' id='word_1_408' title='bbox 2658 4435 2693 4487; x_wconf 82' lang='grc' dir='ltr'><strong>ρ</strong></span> 
     </span>
    </p>
   </div>
   <div class='ocr_carea' id='block_1_6' title="bbox 0 4778 3108 5556">
    <p class='ocr_par' dir='ltr' id='par_1_6' title="bbox 0 4778 3108 5556">
     <span class='ocr_line' id='line_1_42' title="bbox 0 4778 3108 5556; baseline 0 3"><span class='ocrx_word' id='word_1_409' title='bbox 0 4778 3108 5556; x_wconf 95' lang='lat' dir='ltr'><strong> </strong></span> 
     </span>
    </p>
   </div>
  </div>
 </body>
</html>
