3109 5559
1547 61 1668 128 Rei
1696 62 1973 128 rusticae
2004 61 2117 129 lib.
2154 63 2251 128 IV
2278 85 2335 129 c.
2370 82 2492 150 3-5
2625 64 2709 149 69

84 253 149 329 4
199 241 353 306 De
380 238 662 316 miltun-a
683 238 944 305 uineae
967 239 1303 306 nouellae

338 421 378 463 1
418 399 503 465 Et
537 422 660 466 nos
695 399 914 486 igitur,
946 399 1159 479 Publi,
1198 421 1438 486 magno
1474 399 1696 465 animo
1730 399 1958 466 uineas
1991 422 2318 487 ponamus
2353 422 2428 467 ac
2461 400 2706 467 maiore

212 506 466 572 studio
511 505 825 585 colamuS,
875 528 1156 592 quarum
1202 505 1586 572 consitionis
1630 505 1768 571 sola
1810 506 1919 572 illa
1963 506 2499 573 commodissima
2544 508 2708 574 ratio

207 626 356 692 est,
403 635 607 698 quam
647 612 865 698 priore
904 612 1298 678 tradidimus
1337 612 1628 693 exordio,
1673 627 1748 679 ut
1787 612 1957 680 facta
1998 613 2067 679 in
2107 612 2434 700 pastinato
2475 613 2708 681 scrobe

114 750 150 799 5
207 734 377 786 tota
403 719 561 786 uitis
587 742 626 785 a
652 719 870 785 media
895 718 1032 785 fere
1059 733 1243 805 parte
1269 720 1436 785 sulci
1460 733 1914 806 prosternatur
1938 734 2004 786 et
2031 720 2114 786 ad
2141 719 2429 786 frontem
2455 721 2598 787 eius
2625 721 2707 788 ab

211 827 375 892 imo
417 848 629 912 usque
672 840 848 893 recta
886 826 1189 892 materies
1228 826 1522 913 exigatur
1563 826 1946 913 calamoque
1987 827 2372 913 adplicetur.
2416 827 2487 893 id
2527 828 2708 894 enim

209 932 592 1020 praecipue
625 932 1118 999 obseruandum
1151 946 1270 1012 est,
1307 955 1390 998 ne
1424 933 1657 999 similis
1690 932 1775 999 sit
1808 923 1996 999 alueo
2029 933 2300 1013 scrobiS,
2336 934 2453 1000 sed
2487 948 2563 1001 ut
2595 956 2707 1000 ex-

211 1039 481 1126 pressis
541 1038 797 1126 angulis
846 1039 1030 1105 uelut
1079 1039 1163 1105 ad
1213 1037 1764 1126 perpendiculum
1813 1039 2065 1106 frontes
2114 1040 2255 1106 eius
2306 1040 2704 1127 derigantur.

213 1167 265 1212 2
320 1159 482 1211 nam
510 1145 666 1211 uitis
693 1146 930 1232 supina
957 1160 1023 1212 et
1050 1138 1233 1212 uelut
1261 1145 1584 1212 recubans
1611 1145 1681 1211 in
1709 1145 1896 1212 alueo
1926 1146 2243 1233 deposita,
2273 1160 2521 1234 postea,
2551 1168 2708 1213 cum

95 1283 166 1319 ιο
216 1252 688 1338 ablaqueatur,
722 1251 1109 1318 uulneribus
1137 1252 1423 1318 obnoxia
1449 1265 1568 1331 est,
1603 1253 1937 1339 quoniam,
1972 1252 2136 1318 dum
2163 1253 2442 1320 exaltare
2472 1253 2705 1320 orbem

217 1358 761 1445 ablaqueationis
793 1357 1007 1425 fossor
1039 1359 1280 1439 studet,
1317 1358 1660 1445 obliquam
1693 1359 1901 1425 uitem
1933 1359 2326 1446 plerumque
2360 1360 2607 1427 sauciat
2640 1374 2707 1427 et

218 1487 749 1551 nonnumquam
790 1465 1124 1551 praecidit.
1169 1465 1667 1531 meminerimus
1705 1488 1860 1553 ergo
1900 1488 2113 1553 usque
2152 1466 2235 1533 ab
2275 1467 2412 1532 imo
2452 1466 2705 1533 scrobis

218 1572 380 1637 solo
428 1585 685 1637 rectum
729 1571 1131 1638 adminiculo
1178 1586 1584 1638 sarmentum
1631 1573 1956 1659 adplicare
2002 1587 2069 1639 et
2114 1573 2204 1639 ita
2248 1574 2317 1638 in
2362 1595 2704 1639 summum
2816 1653 2821 1665 ι

223 1679 624 1765 perducere,
656 1693 803 1745 tum
833 1692 1065 1758 cetera,
1098 1693 1174 1746 ut
1202 1679 1419 1766 priore
1449 1679 1620 1745 libro
1650 1679 2124 1766 praecepimuS,
2148 1694 2214 1746 et
2239 1680 2498 1746 duabus
2521 1702 2703 1767 gem-

111 1815 173 1863 15
222 1786 366 1852 mis
389 1785 965 1872 superextantibus
987 1800 1229 1853 terram
1251 1808 1631 1872 coaequare,
1660 1786 1899 1853 deinde
1923 1786 2224 1852 malleolo
2248 1787 2418 1853 inter
2439 1787 2707 1854 ordines

223 1893 456 1979 posito
495 1891 741 1958 crebris
776 1891 1179 1959 fossionibus
1216 1892 1618 1979 pastinatum
1655 1892 1980 1959 resoluere
2018 1907 2215 1980 atque
2252 1893 2321 1959 in
2357 1893 2704 1980 puluerem

225 1999 555 2086 redigere.
640 2018 689 2081 3
732 1999 825 2064 sic
854 1999 1034 2064 enim
1062 1999 1312 2085 optime
1341 2013 1407 2065 et
1435 1999 1831 2065 uiuiradices
1859 2013 1925 2065 et
1953 2000 2205 2086 reliqua
2233 2000 2503 2079 semina,
2538 2022 2705 2086 quae

228 2103 763 2191 deposuerimus,
795 2104 1275 2184 conualescent,
1306 2105 1361 2171 si
1389 2105 1607 2171 mollis
1633 2127 1708 2171 ac
1734 2118 1958 2171 tenera
1985 2105 2231 2171 humus
2257 2106 2456 2172 nullis
2482 2105 2707 2173 herbis

228 2210 697 2297 inrepentibus
723 2210 1073 2277 humorem
1100 2211 1418 2298 stirpibus
1443 2211 1819 2298 praebuerit
1846 2234 1969 2278 nec
1996 2212 2237 2278 duritia
2262 2212 2384 2278 soli
2412 2212 2705 2278 nouellas

117 2345 183 2382 20
227 2317 458 2384 adhuc
488 2317 745 2404 plantas
775 2317 960 2385 uelut
990 2331 1131 2384 arto
1162 2317 1431 2384 uinculo
1462 2319 1918 2404 conpresserit.

26 2273 33 2308 l

27 2394 33 2536 l

143 2538 184 2614 5
321 2531 668 2596 Numerus
703 2545 926 2597 autem
961 2531 1264 2597 uertendi
1299 2531 1422 2597 soli
1458 2530 1861 2611 bidentibus,
1898 2545 1974 2599 ut
2009 2553 2245 2598 uerum
2279 2531 2502 2611 fatear,
2543 2531 2705 2597 defi-

233 2637 527 2704 niendus
558 2660 694 2703 non
723 2651 844 2717 est,
877 2659 1051 2717 cum,
1087 2652 1336 2724 quanto
1366 2637 1657 2705 crebrior
1686 2638 1790 2718 sit,
1823 2639 1975 2725 plus
2004 2639 2317 2725 prodesse
2346 2637 2707 2704 fossionem

232 2745 613 2811 conueniat.
659 2745 778 2810 sed
821 2745 1136 2831 quoniam
1177 2745 1629 2831 impensarum
1670 2745 1835 2811 ratio
1876 2746 2155 2811 modum
2195 2745 2506 2831 postulat,
2550 2745 2708 2811 satis

31 2866 42 2901 ⁸
236 2850 574 2937 plerisque
608 2850 831 2916 uisum
865 2865 965 2917 est
997 2872 1078 2917 ex
1114 2850 1434 2917 Kalendis
1469 2851 1735 2917 Martiis
1769 2873 1980 2938 usque
2015 2851 2085 2917 in
2120 2850 2432 2917 Octobris
2464 2851 2705 2917 tricen-

308 3095 364 3146 s:
394 3081 536 3134 Cato
560 3097 671 3146 agr.
699 3091 853 3143 43,ae
876 3079 1087 3133 Pallad.
1114 3093 1258 3144 4,7‚r

235 3267 357 3319 post
392 3258 681 3310 conuincit
714 3257 837 3310 add.
874 3258 979 3311 nisi
1014 3258 1175 3321 (nihil
1209 3259 1267 3323 ς)
1300 3257 1405 3323 hio
1437 3285 1476 3295 -
1509 3274 1578 3323 43
1615 3259 1707 3311 illa
1739 3259 1779 3312 S
1812 3286 1851 3295 —
1886 3270 2097 3323 partem
2132 3275 2229 3312 om,
2266 3259 2358 3312 SA
2391 3286 2430 3296 —
2464 3271 2621 3312 antea
2652 3261 2706 3313 R

243 3345 373 3408 (exc.
397 3347 495 3412 ry)
530 3373 570 3383 —
604 3347 923 3399 uniuersam
942 3347 996 3399 R
1016 3348 1274 3400 uniuersa
1293 3358 1423 3400 sunt
1443 3347 1534 3400 SA

310 3451 365 3501 42
418 3454 441 3488 1
478 3446 564 3501 pr.
601 3434 848 3500 SAhbfy
881 3462 920 3473 -
955 3452 985 3501 3
1023 3453 1250 3501 quaram
1283 3436 1359 3488 A¹
1393 3463 1431 3473 -
1468 3452 1496 3501 5
1533 3448 1648 3489 tota
1682 3454 1781 3489 om.
1818 3436 1910 3488 SA
1943 3464 1982 3474 -
2016 3436 2273 3489 frondem
2303 3436 2379 3489 A⁸
2413 3464 2452 3474 -
2487 3438 2520 3490 6
2557 3450 2704 3491 recta

244 3526 499 3577 materies
540 3525 632 3577 SR
675 3537 881 3577 rectam
919 3536 1084 3578 tertes
1123 3525 1176 3577 A
1209 3552 1247 3562 -
1282 3526 1519 3590 erigatur
1556 3526 1611 3578 R
1644 3553 1683 3562 —
1716 3526 2040 3590 calomoque
2079 3526 2119 3579 S
2152 3553 2191 3563 -
2225 3540 2258 3591 7
2299 3527 2458 3579 albeo
2497 3526 2560 3579 S²
2595 3554 2634 3563 —
2671 3528 2703 3580 8

246 3610 471 3666 frondes
492 3613 572 3666 A¹
605 3641 644 3650 —
679 3614 985 3679 dirigantur
1003 3615 1107 3667 AR
1140 3642 1177 3651 -
1214 3631 1247 3679 9
1269 3616 1446 3679 sipina
1466 3614 1604 3667 S¹A¹
1639 3642 1677 3651 -
1711 3626 1765 3667 et
1786 3616 1940 3668 uelut
1962 3616 2227 3668 recubans
2249 3632 2347 3667 om.
2374 3615 2465 3669 SA
2498 3642 2537 3652 —
2571 3632 2703 3669 cum

247 3714 287 3762 p
322 3719 495 3765 quam
537 3703 681 3756 SAR
715 3730 753 3740 -
793 3719 858 3755 10
894 3704 1033 3756 dum
1069 3721 1167 3756 om.
1206 3703 1283 3756 A¹
1316 3730 1355 3740 —
1389 3704 1621 3756 exalter-e
1657 3704 1748 3756 SA
1785 3705 2042 3757 exaltares
2079 3704 2147 3756 11ι
2185 3705 2444 3757 exlaleare
2483 3704 2525 3756 λ
2559 3731 2597 3741 -
2638 3723 2695 3758 11

250 3787 422 3844 fossor
446 3793 626 3856 (fosor
647 3791 713 3855 h)
737 3793 922 3845 studet
943 3791 1205 3858 hjb¹r¹cu
1228 3793 1498 3845 forstudet
1521 3792 1613 3846 SA
1635 3793 1832 3846 fortius
1854 3794 2039 3846 tundit
2063 3792 2302 3859 mbffpy
2335 3821 2374 3830 —
2408 3794 2703 3858 oblequam

248 3877 297 3928 Α
328 3907 367 3916 -
407 3896 471 3934 12
516 3898 831 3946 numquam
872 3881 912 3934 S
945 3908 984 3918 —
1018 3882 1283 3946 praecipit
1325 3882 1438 3934 SA¹
1473 3909 1512 3919 -
1546 3883 1756 3935 scrobis
1797 3883 1851 3935 R
1894 3883 1979 3935 bis
2022 3882 2113 3935 SA
2147 3910 2184 3919 -
2226 3900 2291 3948 14
2333 3884 2701 3947 praecipimus

251 3965 401 4035 Ahry
433 3997 473 4007 -
508 3981 566 4022 et
590 3970 682 4023 SA
710 3987 773 4022 ac
799 3971 1000 4023 deinde
1024 3971 1078 4023 R
1111 3998 1149 4008 -
1190 3987 1250 4036 15
1280 3972 1788 4035 superexstantibus
1812 3970 1925 4036 Aio
1959 3999 1997 4008 -
2037 3972 2100 4024 16
2126 3972 2492 4036 positionibus
2518 3972 2633 4026 S¹A
2667 4000 2706 4010 -

251 4060 557 4117 persoluere
580 4059 633 4111 A
670 4086 708 4096 -
750 4073 813 4124 17
839 4061 1047 4124 optime
1071 4059 1209 4113 S⁸A⁸
1233 4061 1351 4124 opti
1375 4060 1513 4113 S¹A¹
1538 4072 1756 4112 motum
1778 4061 1832 4113 R
1865 4088 1904 4097 —
1944 4061 2007 4113 18
2032 4062 2077 4113 si
2103 4060 2282 4112 mollis
2306 4059 2512 4126 h’jbyc
2536 4061 2702 4114 simul

254 4142 470 4200 8Ah²m
500 4148 550 4200 si
581 4148 765 4201 mollis
797 4149 961 4201 simul
990 4148 1095 4215 spo
1129 4179 1166 4188 -
1194 4159 1315 4214 post
1345 4150 1531 4202 herbis
1564 4149 1686 4202 add.
1720 4149 1949 4202 haerens
1979 4149 2107 4200 ὴλσ
2138 4176 2176 4186 -
2217 4165 2280 4212 19
2311 4150 2623 4213 praebuerit
2652 4151 2706 4203 R

255 4236 499 4293 preberet
527 4237 591 4290 8ι
621 4239 840 4302 preueri
868 4237 931 4291 S⁸
961 4238 1200 4302 preberit
1229 4238 1306 4290 A¹
1335 4239 1577 4303 preuerit
1605 4238 1681 4290 A⁸
1715 4267 1752 4276 -
1788 4239 2015 4291 duritias
2045 4238 2159 4291 SA¹
2189 4238 2416 4291 durities
2445 4238 2520 4290 A⁸
2555 4266 2592 4275 -
2630 4255 2701 4293 20

262 4322 422 4382 platas
448 4326 589 4379 S²A⁸
613 4327 788 4391 platea
812 4326 888 4379 A²
923 4354 961 4364 -
995 4328 1164 4380 uelud
1188 4327 1241 4379 A
1274 4355 1313 4364 —
1347 4329 1458 4380 alto
1482 4328 1609 4394 SAp

321 4427 370 4478 ει
420 4433 441 4466 1
481 4416 801 4470 uidentibus
833 4416 949 4470 S¹A
983 4443 1017 4454 -
1053 4428 1115 4470 ut
1149 4434 1245 4470 tm:÷
1281 4417 1329 4470 A
1365 4444 1401 4454 -
1439 4433 1466 4482 3
1502 4418 1846 4482 inpensarem
1882 4416 1953 4470 Α*
1990 4444 2026 4454 -
2062 4434 2094 4478 4
2126 4416 2374 4482 plerique
2405 4415 2494 4466 SA
2531 4442 2567 4450 —
2602 4417 2702 4470 tri*
