3109 5559
1131 381 1229 423 am
1278 381 1587 425 RvsricAa
1635 382 1750 425 Lm.
1801 383 1816 424 1
1865 388 1908 420 c.
1949 374 1979 421 8
2590 383 2664 442 41

444 540 833 621 singulorum
905 538 1270 602 officiorum
1336 541 1567 604 sedulo
1639 543 1858 604 munia
1926 561 2044 603 sua
2091 555 2561 622 exsequuntur,
2611 555 2677 606 et

441 650 621 710 ceteri
700 657 855 728 post
925 647 1377 728 fatigationem
1447 651 1669 730 operis
1738 650 1942 731 quieti
2006 668 2085 711 ac
2153 669 2390 711 somno
2458 651 2678 731 potius

442 775 623 835 quam
675 754 928 817 deliciis
974 775 1247 835 operam
1295 755 1570 818 dabunt.
1665 755 1950 836 iam,illa
1999 767 2242 831 uetera,
2292 758 2410 819 sed
2445 759 2675 836 optimi
2709 774 2782 819 12

441 865 646 938 moris,
728 883 899 943 quae
970 883 1140 924 nunc
1208 862 1660 939 exoleuerunt,
1732 865 1978 927 utinam
2051 866 2308 944 possint
2373 866 2675 945 optineri,

397 990 509 1047 5ne
570 990 907 1031 conseruo
956 971 1254 1032 ministro
1303 991 1658 1051 quoquam,
1718 972 1840 1034 nisi
1889 972 1953 1033 in
2004 992 2073 1035 re
2118 972 2390 1047 domini,
2440 983 2675 1043 utatur,

439 1097 508 1138 ne
567 1078 798 1139 cibum
870 1078 990 1139 nisi
1065 1079 1126 1139 in
1199 1088 1566 1160 conspectu
1637 1077 1920 1141 familiae
1994 1080 2217 1158 capiat
2264 1098 2431 1141 neue
2479 1078 2677 1141 alium

434 1204 617 1264 quam
669 1185 782 1265 qui
831 1185 1067 1247 ceteris
1115 1185 1481 1266 praebetur.
1579 1186 1673 1248 sic
1721 1186 1895 1247 enim
1941 1185 2216 1259 curabit,
2275 1198 2346 1247 ut
2396 1200 2462 1248 et
2489 1187 2679 1267 panis

434 1290 777 1372 diligenter
823 1291 1068 1353 confiat
1113 1303 1178 1355 et
1227 1290 1473 1372 reliqua
1504 1291 1847 1354 salubriter
1879 1293 2298 1371 adparentur.
2380 1312 2463 1354 ne
2493 1304 2680 1356 extra

434 1397 585 1460 fines
637 1399 761 1460 nisi
810 1418 849 1460 a
895 1418 968 1460 se
1019 1398 1287 1460 missum
1338 1399 1646 1479 progredi
1693 1400 1888 1473 sinat,
1938 1399 2058 1460 sed
2101 1418 2221 1460 nec
2255 1400 2399 1478 ipse
2443 1400 2677 1474 mittat,

365 1534 417 1569 ιο
434 1507 544 1567 nisi
607 1525 855 1587 magna
906 1506 1297 1567 necessitate
1344 1517 1650 1586 cogente.
1747 1525 1913 1568 neue
1962 1506 2333 1586 negotietur
2379 1507 2504 1569 sibi
2576 1527 2680 1587 pe·
2712 1524 2783 1585 13

430 1614 818 1693 cuniamque
887 1611 1137 1674 domini
1209 1624 1320 1674 aut
1368 1611 1758 1675 animalibus
1804 1624 1917 1675 aut
1965 1613 2160 1675 rebus
2207 1612 2350 1676 aliis
2398 1634 2681 1694 promer·

429 1719 676 1782 calibus
724 1729 1037 1800 occupet,
1088 1719 1253 1781 haec
1301 1720 1476 1781 enim
1525 1720 1890 1801 negotiatio
1938 1740 2160 1781 curam
2219 1719 2388 1785 uilici
2444 1734 2681 1784 auocat

428 1847 542 1888 nec
617 1846 932 1907 umquam
1004 1826 1289 1906 patietur
1358 1845 1509 1888 eum
1582 1845 1729 1888 cum
1791 1828 2152 1890 rationibus
2199 1828 2451 1890 domini
2499 1830 2680 1909 paria

430 1933 662 2005 facere,
723 1932 842 1994 sed
891 1931 1005 1994 ubi
1052 1933 1420 1995 numeratio
1468 1934 1792 2013 exigetur,
1829 1954 1963 1996 rem
1999 1955 2119 2015 pro
2153 1935 2434 1997 nummis
2466 1945 2680 1998 osten·

350 2068 400 2118 ¹5
424 2040 536 2101 dit.
640 2041 703 2100 in
765 2040 1140 2101 uniuersum
1199 2052 1419 2102 tamen
1469 2040 1596 2101 hoc
1647 2042 1934 2102 maxime
1982 2041 2415 2121 optinendum
2465 2043 2552 2104 ab
2597 2063 2679 2104 eo

420 2160 540 2219 est,
595 2146 846 2227 nequid
892 2166 964 2208 se
1014 2159 1198 2227 putet
1245 2148 1432 2221 scire,
1475 2148 1656 2227 quod
1691 2149 1960 2223 nesciat,
1995 2161 2395 2229 quaeratque
2426 2168 2682 2230 semper

419 2254 789 2328 addiscere,
838 2255 1020 2334 quod
1067 2256 1348 2335 ignorat.
1445 2275 1597 2316 nam
1648 2274 1793 2318 cum
1845 2255 2121 2318 multum
2173 2257 2443 2335 prodest
2476 2257 2682 2335 perite
2713 2273 2788 2332 14

414 2362 582 2442 quid
634 2360 870 2436 facere,
921 2373 1060 2423 tum
1109 2360 1254 2441 plus
1301 2362 1496 2423 obest
1546 2381 1893 2442 perperam
1944 2362 2194 2426 fecisse.
2275 2383 2472 2424 unum
2506 2364 2678 2425 enirn

417 2488 496 2530 ac
570 2467 789 2530 solum
859 2470 1235 2531 dominatur
1291 2469 1355 2530 in
1405 2470 1850 2543 rusticatione,
1901 2470 2210 2550 quicquid
2259 2471 2470 2550 exigit
2516 2472 2681 2532 ratio

329 2575 741 2648 zoculturae,
813 2575 1017 2639 semel
1090 2576 1326 2649 facere,
1390 2576 1639 2656 quippe
1686 2596 1837 2638 cum
1886 2577 2271 2639 emendatur
2318 2576 2418 2638 uel
2469 2577 2680 2657 inpru-

415 2683 654 2745 dentia
723 2683 828 2745 uel
900 2682 1342 2764 neglegentia,
1416 2685 1543 2745 iam
1605 2703 1707 2746 res
1754 2684 1900 2764 ipsa
1945 2685 2215 2746 decoxit
2264 2703 2386 2745 nec
2434 2685 2497 2745 in
2550 2696 2681 2746 tan-

413 2803 561 2852 tum
641 2792 1000 2871 postmodo
1068 2790 1410 2862 exuberat,
1482 2800 1550 2852 ut
1622 2803 1690 2852 et
1758 2810 1831 2852 se
1898 2791 2208 2852 amissam
2268 2792 2569 2853 restituat
2617 2805 2682 2852 et

412 2907 780 2977 quaestum
829 2909 1199 2978 temporum
1254 2899 1757 2977 praeteritorum
1808 2898 2134 2959 resarciat.

611 3002 682 3064 In
752 3005 990 3067 ceteris
1058 3005 1266 3066 seruis
1298 3004 1492 3069 ‚haec
1552 3004 1686 3066 fere
1736 3015 2091 3085 praecepta
2139 3006 2466 3067 seruanda
2512 3017 2681 3078 sunt,
2717 3019 2784 3084 15

318 3139 385 3191 25
413 3131 607 3192 quae
679 3130 785 3172 me
855 3111 1226 3173 custodisse
1296 3131 1429 3172 non
1481 3113 1797 3192 paenitet,
1848 3124 1918 3173 ut
1967 3113 2270 3185 rusticos,
2321 3113 2431 3192 qui
2483 3112 2683 3173 modo

406 3239 557 3281 non
636 3219 1055 3281 incommode
1115 3238 1187 3280 se
1249 3220 1632 3299 gessissent,
1696 3220 1963 3299 saepius
2018 3239 2215 3300 quam
2267 3218 2553 3280 urbanos
2602 3218 2685 3280 fa-

404 3326 747 3389 miliarius
817 3324 1209 3407 adloquerer
1279 3338 1346 3387 et
1415 3346 1567 3388 cum
1629 3326 1754 3388 hac
1826 3327 2137 3388 comitate
2185 3327 2433 3389 domini
2486 3325 2685 3388 leuari

621 3498 639 3533 1
674 3494 1040 3547 exaequantur
1065 3488 1153 3536 uel
1175 3494 1506 3547 exequuntur
1531 3493 1574 3537 Β
1602 3495 1959 3548 exsequantur
1977 3482 2175 3537 §Arvas
2249 3494 2299 3535 et
2334 3492 2376 3535 Β
2408 3487 2500 3535 sed
2523 3481 2688 3534 sAd‘f»

614 3589 645 3636 3
686 3576 779 3624 aed
818 3573 926 3625 ΒΔδ
965 3583 1018 3625 et
1054 3579 1097 3625 Β
1243 3594 1272 3637 4
1313 3578 1691 3626 exsoleuerunt
1723 3573 1858 3626 8ΑιΙι
1897 3578 2240 3626 exsoluerunt
2275 3573 2332 3625 α’
2371 3576 2685 3624 exoluerunt

397 3668 516 3715 sio
662 3665 883 3726 optineri
910 3668 984 3714 SA
1024 3666 1260 3727 optinere
1308 3668 1435 3715 adin
1474 3667 1713 3715 obtinere
1752 3672 1793 3716 Β
1962 3669 1994 3715 8
2033 3667 2228 3714 confiat
2265 3659 2686 3723 SAaM¹gklmii²

392 3754 642 3805 cssficiat
678 3768 705 3803 a
744 3755 1053 3803 conficiatur
1078 3756 1160 3802 uel
1181 3756 1481 3804 coniitiatur
1514 3748 1831 3816 cd'pthm
2000 3756 2314 3817 adparentur
2339 3756 2410 3803 Sa
2437 3755 2688 3815 adperen-

396 3858 503 3895 tur
538 3847 589 3893 A
616 3852 934 3905 apparentur
960 3848 1000 3893 Β
1189 3861 1250 3893 1o
1276 3846 1611 3907 negotientur
1626 3840 1826 3894 SAad¹a
1936 3839 2314 3907 auilicialuocat
2336 3846 2434 3907 (pr.
2459 3860 2487 3891 a
2509 3846 2687 3907 e.rp.lA

629 3947 690 3994 13
711 3949 937 3994 unquam
962 3940 1001 3983 Β
1135 3932 1326 3996 pallria
1346 3938 1380 3983 S
1519 3949 1580 3995 15
1609 3935 1945 3996 optinendum
1971 3936 2068 3983 ΒΔΙ
2106 3935 2441 3982 obtinendum
2484 3938 2526 3982 Β

350 4043 363 4056 ·
402 4042 483 4087 ¹9
534 4024 782 4085 quitquid
822 4020 864 4083 (t
901 4039 1029 4071 eras.
1068 4030 1113 4070 et
1148 4040 1174 4071 c
1212 4026 1328 4075 scr.)
1366 4027 1400 4072 S
1439 4024 1676 4084 quidquit
1708 4022 1783 4079 (in
1812 4024 2053 4084 quicquid
2082 4039 2209 4070 corr.
2239 4039 2308 4071 m.
2350 4022 2462 4079 rec.)
2488 4026 2523 4072 Α

390 4131 482 4166 20
534 4113 947 4161 commendatur
972 4111 1043 4161 Ab
1190 4113 1533 4174 imprudentia
1562 4117 1604 4162 Β
1785 4128 1845 4160 21
1893 4113 2204 4174 negligentia
2231 4117 2270 4160 Β
2440 4128 2505 4159 22
2547 4120 2688 4172 post-

388 4204 601 4254 modo
625 4204 695 4250 SA
723 4202 1058 4263 postmodum
1097 4208 1139 4252 Β
1175 4210 1361 4264 postea
1399 4203 1459 4250 tn
1668 4205 1735 4250 26
1770 4217 1922 4262 quam
1962 4204 2040 4249 8Β
2079 4201 2163 4261 qui
2207 4196 2302 4248 ΔιΙι
2459 4203 2688 4248 urbanus

386 4292 483 4344 AB
534 4292 635 4349 (us
674 4293 727 4337 in
767 4306 828 4339 os
863 4296 1035 4354 postea
1073 4296 1221 4341 corr.)
1248 4294 1281 4339 S
1410 4291 1750 4340 familiaribus
1789 4296 1830 4341 Β
1856 4292 2049 4355 aliquot
2227 4304 2292 4350 27
2322 4291 2620 4350 alloquerer
2647 4293 2690 4340 Β

624 4396 736 4427 cum
767 4381 863 4427 hac
903 4376 1261 4429 Schneae'dems:
1290 4383 1384 4428 hac
1412 4382 1446 4429 8
1473 4380 1568 4428 bac
1599 4383 1633 4428 A
1663 4398 1691 4429 a
1712 4386 1753 4431 Β
1792 4396 1905 4428 cum
1945 4386 2061 4427 nett.
2099 4379 2208 4428 edd.
2331 4380 2573 4429 comitatu
2617 4382 2652 4428 Δ
