3109 5559
1946 267 2065 333 Rei
2094 268 2374 335 rusticae
2402 267 2517 335 lib.
2549 269 2612 334 V
2638 291 2695 336 c.
2728 276 2745 335 1

545 455 733 510 statu
773 442 935 509 caeli
974 456 1088 509 aut
1127 442 1210 509 ab
1249 443 1500 509 oriente
1539 457 1654 509 aut
1692 443 1775 510 ab
1814 443 2174 525 occidente,
2217 467 2301 510 ne
2339 458 2481 511 toto
2522 445 2627 511 die
2667 467 2741 512 so

546 549 870 616 umbram
928 550 1278 635 patiantur.
1341 550 1642 636 proxima
1700 549 1938 616 deinde
1998 551 2337 637 putatione
2396 552 2633 618 melius
2691 575 2745 618 e}

546 656 794 722 Celsus
839 656 1015 722 ferro
1061 655 1374 723 abstineri
1406 657 1718 743 ipsosque
1752 657 1926 723 coles
1959 657 2029 723 in
2060 657 2340 723 modum
2371 679 2650 724 coronae
2683 681 2745 725 c<

549 762 781 829 arbori
813 762 1225 842 circumdari,
1264 776 1339 829 ut
1372 762 1744 847 flexura[m]
1782 763 2084 830 materias
2119 764 2496 850 profundat,
2536 787 2745 851 quatu

414 898 501 947 1⁵5
549 869 902 935 dissimam
921 883 1238 956 sequente
1259 890 1436 935 anno
1456 884 1657 957 caput
1677 870 1832 937 uitis
1853 870 2190 937 faciamus.
2283 891 2365 953 23
2409 893 2516 937 me
2540 885 2745 937 autem

549 975 789 1041 docuit
811 997 973 1042 usus
997 976 1208 1042 multo
1234 975 1460 1043 utilius
1485 997 1627 1042 esse
1652 976 1867 1062 primo
1892 998 2161 1064 quoque
2184 990 2482 1064 tempore
2508 977 2744 1044 falcem

550 1082 914 1148 admouere
948 1103 1072 1148 nec
1105 1083 1532 1169 superuacuis
1565 1083 1910 1149 sarmentis
1944 1083 2081 1169 pati
2115 1084 2479 1150 siluescere.
2517 1084 2635 1149 sed
2669 1106 2745 1150 ea

550 1211 709 1276 que,
753 1209 924 1275 quae
961 1188 1179 1275 primo
1214 1189 1686 1269 summittetur,
1726 1190 2066 1255 materiam
2102 1189 2276 1255 ferro
2314 1190 2744 1256 coercendam

550 1316 771 1382 usque
815 1294 887 1361 in
929 1295 1198 1361 alteram
1240 1296 1348 1362 uel
1388 1296 1651 1362 tertiam
1692 1318 2042 1382 gemmam,
2090 1318 2226 1382 quo
2269 1296 2669 1363 robustiores
2712 1320 2745 1383 1:

412 1414 509 1467 160
551 1414 724 1488 agat,
789 1402 906 1487 qui
964 1424 1120 1468 cum
1177 1402 1470 1488 primum
1527 1401 1895 1468 tabulatum
1953 1401 2527 1488 adprehenderint,
2586 1426 2745 1491 prox

551 1508 1026 1594 putatione[m]
1076 1508 1614 1595 dispone<n>tur.
1665 1508 1977 1575 omnibus
2022 1509 2212 1575 annis
2258 1510 2550 1596 alioquin
2595 1511 2666 1576 in
2713 1533 2745 1576 s

551 1614 929 1681 tabulatum
967 1613 1376 1695 excitabitur,
1418 1615 1643 1682 relicta
1681 1637 1942 1702 semper
1979 1638 2113 1682 una
2153 1617 2441 1696 materia,
2486 1640 2654 1704 quae
2694 1639 2745 1682 a«

549 1736 796 1788 trunco
825 1742 1143 1788 cacumen
1171 1721 1420 1788 arboris
1451 1736 1722 1808 spectet.

639 1848 728 1910 24
774 1828 1051 1915 Iamque
1110 1828 1233 1894 uiti
1291 1828 1685 1895 constitutae
1747 1844 1923 1896 certa
1982 1830 2086 1896 lex
2145 1829 2229 1896 ab
2290 1830 2588 1917 agricolis
2649 1831 2745 1917 ing

413 1947 504 2012 165
550 1934 856 2022 plerique
895 1934 1028 2000 ima
1064 1933 1354 2001 tabulata
1393 1936 1682 2001 materiis
1721 1935 2159 2024 frequentant,
2203 1937 2577 2003 uberiorem
2614 1937 2745 2003 fruc

550 2041 767 2127 magis
808 2040 1069 2107 facilem
1112 2040 1367 2107 cultum
1409 2057 1779 2129 sequentes.
1828 2057 1894 2109 at
1938 2043 2055 2130 qui
2099 2043 2378 2110 bonitati
2421 2043 2562 2110 uini
2606 2046 2745 2109 stuc'

551 2168 851 2214 summas
881 2146 1147 2214 arbores
1177 2148 1385 2214 uitem
1417 2163 1834 2235 promouent:
1869 2164 1945 2216 ut
1977 2171 2279 2237 quaeque
2310 2150 2579 2216 materia
2611 2150 2745 2216 sed«

550 2255 623 2320 in
674 2253 1111 2320 celsissimum
1157 2277 1491 2342 quemque
1541 2278 1801 2322 ramum
1848 2257 2212 2322 extendunt
2259 2256 2372 2335 sic,
2425 2269 2500 2322 ut
2548 2278 2745 2322 sumn

549 2382 887 2428 summam
916 2361 1218 2427 arborem
1248 2376 1581 2449 sequatur,
1614 2363 1685 2428 id
1714 2377 1833 2442 est,
1867 2377 1943 2429 ut
1974 2361 2108 2428 duo
2140 2362 2441 2449 palmites
2470 2363 2744 2429 extremi

415 2495 509 2544 170
550 2466 808 2534 arboris
848 2467 1279 2554 adplicentur,
1324 2469 1442 2556 qui
1481 2491 1798 2535 cacumen
1838 2470 1979 2536 eius
2019 2483 2336 2556 spectent,
2382 2483 2447 2536 et
2488 2483 2686 2555 prout
2727 2492 2745 2535 <

549 2595 779 2640 ramus
826 2574 1183 2656 conualuit,
1234 2576 1441 2641 uitem
1491 2576 1868 2662 accipi<a>t.
1960 2595 2045 2658 25
2087 2575 2493 2662 plenioribus
2541 2576 2739 2641 ramis

549 2681 879 2769 palmites,
913 2681 1078 2747 alius
1107 2681 1191 2748 ab
1223 2681 1348 2747 alio
1378 2682 1678 2768 separati,
1712 2682 2134 2767 inponantur,
2166 2681 2615 2769 gracilioribus
2645 2704 2745 2768 pat

550 2788 844 2874 uitisque
880 2787 1142 2853 nouella
1176 2787 1389 2854 tribus
1426 2789 1587 2854 toris
1624 2787 1710 2854 ad
1746 2788 2048 2854 arborem
2084 2789 2412 2875 religetur:
2452 2811 2608 2868 uno,
2652 2810 2743 2875 qu

551 2916 744 2961 crure
766 2893 1036 2974 arboris,
1061 2915 1099 2959 a
1120 2907 1292 2959 terra
1313 2908 1626 2981 quattuor
1646 2893 1930 2980 pedibus
1953 2895 2338 2975 distant<e>,
2364 2895 2586 2974 altero,
2613 2895 2731 2982 qui

414 3028 504 3079 175
554 3014 738 3086 parte
785 3000 990 3066 uitem
1035 3000 1230 3087 capit,
1276 3000 1490 3081 tertio,
1539 3001 1658 3087 qui
1702 3001 1989 3066 mediam
2032 3001 2240 3067 uitem
2284 3002 2738 3086 conplectitur.

553 3107 766 3172 imum
814 3106 1046 3193 inponi
1094 3129 1232 3173 non
1278 3121 1559 3193 oportet,
1612 3107 1928 3194 quoniam
1977 3108 2151 3173 uires
2199 3107 2321 3174 uiti
2369 3108 2622 3189 adimit3
2673 3109 2743 3173 in

551 3226 776 3279 tamen
813 3214 1214 3279 necessarius
1249 3212 1547 3293 habetur,
1590 3235 1746 3279 cum
1782 3228 1895 3279 aut
1932 3213 2127 3280 arbor
2162 3214 2302 3281 sine
2340 3214 2537 3279 ramis
2573 3228 2745 3280 trun<

553 3333 666 3386 aut
712 3319 870 3386 uitis
915 3320 1299 3406 praeualens
1347 3320 1416 3385 in
1465 3320 1791 3386 luxuriam
1838 3334 2169 3407 euagatur.
2262 3323 2350 3387 26
2388 3334 2601 3387 cetera
2649 3343 2744 3407 pu

552 3426 717 3493 ratio
764 3426 913 3493 talis
958 3440 1078 3506 est,
1129 3440 1205 3493 ut
1252 3441 1507 3493 ueteres
1555 3426 1877 3513 palmites,
1929 3426 2173 3513 quibus
2221 3427 2504 3513 proximi
2551 3428 2706 3493 anni

417 3545 511 3598 180
553 3533 890 3621 pependit,
926 3555 1160 3599 omnes
1194 3533 1589 3614 recidantur,
1629 3534 1788 3599 noui
1823 3533 2225 3600 circumcisis
2259 3534 2557 3620 undique
2592 3555 2746 3620 capr

550 3639 926 3727 nepotibus,
959 3640 1077 3726 qui
1107 3661 1188 3706 ex
1217 3638 1321 3706 his
1351 3639 1487 3706 nati
1517 3653 1694 3720 sunt,
1728 3640 2081 3726 amputatis
2112 3640 2628 3720 committantur,
2662 3654 2726 3706 et

550 3834 677 3870 mus
698 3816 764 3869 8¹
797 3842 838 3852 -
872 3817 1176 3880 micaque
1195 3816 1236 3869 S
1268 3843 1308 3853 -
1342 3816 1618 3882 depositas
1633 3815 1762 3869 Ala.
1786 3815 2050 3881 disposita
2069 3816 2110 3869 S
2132 3816 2381 3881 deposita
2399 3817 2504 3869 AR
2537 3848 2574 3857 -
2615 3827 2745 3881 1501

547 3918 611 3959 tu
641 3906 760 3959 S¹A
788 3916 1096 3970 temperatu
1127 3904 1192 3958 8⁸
1226 3932 1265 3942 -
1305 3920 1397 3970 151
1434 3906 1585 3958 diem
1614 3905 1764 3972 S¹Ap
1799 3933 1837 3942 -
1878 3921 1974 3970 153
2009 3916 2373 3958 contortortos
2403 3905 2477 3958 Αι
2512 3932 2551 3942 ·-
2590 3921 2690 3970 154
2728 3906 2745 3957 1

547 3996 838 4061 plexumm
869 3994 961 4047 SA
992 3995 1256 4046 flexuram
1285 3995 1340 4047 R
1372 4021 1411 4030 -
1445 3995 1698 4047 materias
1725 3994 1853 4047 Αἶά.
1888 3995 2145 4047 materiae
2176 3995 2319 4048 SAR
2353 4022 2391 4032 -
2431 4010 2525 4059 155
2562 3994 2745 4046 1οοίοπ

547 4085 779 4150 longum
823 4082 1211 4148 Athbwrya
1258 4110 1297 4120 -
1351 4097 1450 4148 157
1493 4084 1849 4148 superuacuis
1878 4082 2357 4151 widucdqylpc
2385 4100 2745 4148 superuacuus

551 4176 653 4226 160
678 4173 931 4238 proxima
955 4173 1239 4238 putatione
1262 4173 1344 4225 ed.
1366 4183 1450 4237 pr.
1478 4174 1787 4237 proximam
1812 4173 2155 4239 putationem
2181 4175 2361 4238 (amp-
2385 4173 2483 4236 A’)
2508 4172 2651 4225 SAR
2685 4198 2724 4208 -

546 4273 828 4328 ponentur
846 4260 974 4314 Ala.
1002 4261 1326 4327 disponetur
1348 4261 1491 4314 SAR
1524 4289 1565 4300 -
1606 4262 1704 4316 162
1729 4262 2066 4315 stabulatum
2089 4263 2129 4315 S
2163 4289 2200 4298 -
2243 4263 2341 4327 164
2366 4262 2500 4313 uitie
2524 4261 2588 4314 Sl
2611 4262 2733 4314 uitii

547 4368 646 4405 om.
672 4351 714 4404 S
746 4377 787 4387 -
827 4351 926 4403 166
950 4361 1005 4402 at
1028 4351 1127 4415 qui
1149 4350 1189 4403 S
1211 4362 1377 4415 atque
1398 4351 1503 4403 AR
1535 4378 1576 4389 -·
1616 4353 1715 4416 167
1738 4351 1953 4404 sedebit
1976 4351 2051 4403 ita
2072 4351 2112 4404 S
2134 4352 2263 4404 sede
2287 4352 2456 4403 uetita
2477 4351 2582 4402 AR
2615 4377 2654 4387 -
2695 4351 2745 4402 1<

547 4440 609 4492 S¹
643 4466 684 4476 -
725 4452 820 4503 171
852 4439 1027 4491 uitem
1051 4437 1265 4505 hjpyca
1291 4440 1424 4492 item
1450 4440 1542 4493 SA
1566 4441 1747 4492 uicem
1775 4439 1817 4491 λ
1842 4451 1995 4492 utem
2021 4438 2053 4491 f
2079 4466 2118 4476 -
2161 4440 2390 4505 accipiat
2410 4438 2537 4492 Αἶά.
2567 4439 2745 4503 αοοίρίτ

554 4543 654 4594 174
670 4545 862 4581 cruere
879 4527 997 4580 S²A
1011 4545 1173 4580 cruce
1189 4527 1249 4593 fc
1282 4556 1321 4565 —
1356 4529 1592 4581 distante
1609 4542 1696 4595 γρ
1713 4529 1917 4581 distant
1933 4528 2077 4581 SAR
2120 4556 2158 4565 -
2199 4542 2293 4593 175
2317 4528 2465 4593 capis
2483 4527 2597 4579 SA¹
2630 4554 2669 4563 -
2709 4541 2745 4579 1⁴

542 4617 670 4670 Ald.
697 4617 896 4670 uiuum
919 4617 1063 4669 SAR
1094 4643 1134 4654 -
1168 4618 1385 4683 inponit
1408 4617 1525 4670 s¹A
1557 4644 1597 4654 —
1630 4635 1743 4670 non
1767 4617 1859 4670 SA
1883 4628 2067 4669 tamen
2090 4618 2142 4669 R
2175 4645 2214 4654 —
2265 4618 2363 4671 182
2389 4632 2666 4668 ramorum
2690 4615 2745 4668 h¹
