3109 5559
1435 73 1554 140 Rei
1584 73 1863 140 rusticae
1893 72 2006 140 lib.
2043 74 2140 139 IV
2168 94 2225 140 c.
2264 74 2470 159 14-16
2599 92 2683 160 77

117 282 150 330 ς
205 251 502 319 hendus.
550 274 707 318 nam
749 251 1114 338 plurimum
1156 250 1427 318 interest
1468 250 1689 317 adhuc
1730 273 1906 318 noua
1949 250 2310 317 consitione
2355 251 2683 338 pedamen

204 381 417 425 omne
452 358 678 425 uestiti
712 380 835 424 nec
869 381 1026 424 mox
1056 358 1321 424 uincam
1352 372 1499 424 tum
1532 357 1808 436 subseri,
1845 380 2001 423 cum
2034 356 2290 425 fructus
2322 358 2684 444 capiendus

204 480 337 533 est.

201 696 596 784 Mergulus
620 694 1000 783 quomodo
1024 694 1428 782 deponatur

305 877 348 922 2
393 856 614 943 Mergi
653 878 862 942 genus
901 869 1020 936 est,
1066 855 1179 922 ubi
1224 878 1423 942 supra
1462 869 1704 922 terram
1745 855 1926 922 iuxta
1965 878 2163 922 suum
2204 856 2683 922 adminiculum

88 993 158 1029 10
206 963 374 1028 uitis
408 975 722 1028 curuatur
756 976 952 1049 atque
987 985 1068 1028 ex
1101 961 1231 1028 alto
1265 963 1495 1028 scrobe
1530 961 1873 1028 submersa
1905 962 2290 1049 perducitur
2324 962 2407 1028 ad
2442 984 2682 1029 uacan-

203 1083 357 1136 tem
385 1068 635 1156 palum;
667 1082 814 1134 tum
844 1091 925 1135 ex
955 1090 1109 1134 arcu
1141 1067 1567 1134 uehementer
1597 1069 1754 1135 citat
1784 1069 2143 1148 materiam,
2180 1091 2347 1155 quae
2378 1069 2684 1155 protinus

212 1176 548 1263 adplicata
586 1198 706 1242 suo
746 1175 1144 1262 pedamento
1182 1175 1267 1241 ad
1306 1174 1536 1262 iugum
1577 1188 1907 1241 euocatur.
1992 1195 2041 1258 3
2084 1188 2400 1261 sequente
2442 1175 2683 1242 deinde

206 1305 390 1348 anno
439 1282 765 1349 insecatur
809 1281 1108 1368 superior
1151 1304 1302 1368 pars
1347 1295 1734 1347 curuaturae
1780 1303 1991 1368 usque
2036 1281 2120 1347 ad
2166 1281 2547 1361 medullam,
2597 1304 2681 1348 ne

207 1402 386 1456 totas
420 1388 595 1455 uires
627 1388 853 1455 matris
884 1401 1320 1475 propagatum
1351 1387 1684 1475 flagellum
1715 1388 1785 1453 in
1817 1409 1886 1453 se
1918 1388 2130 1454 trahat
2161 1402 2227 1454 et
2259 1402 2334 1455 ut
2364 1388 2683 1475 paulatim

95 1525 156 1574 15
206 1496 556 1562 condiscat
591 1496 728 1561 suis
764 1495 1096 1562 radicibus
1133 1495 1235 1561 ali.
1277 1494 1457 1560 bima
1494 1494 1734 1561 deinde
1772 1494 2170 1581 praeciditur
2205 1494 2504 1581 proxime
2543 1494 2682 1581 pal-

209 1626 416 1683 mam,
465 1625 633 1689 quae
675 1624 755 1668 ex
797 1624 951 1668 arcu
995 1602 1346 1668 summissa
1386 1615 1505 1681 est,
1551 1615 1618 1667 et
1660 1601 1749 1681 id,
1796 1601 1979 1688 quod
2021 1624 2059 1667 a
2100 1617 2307 1668 matre
2350 1601 2682 1668 abscisum

210 1709 505 1789 recessit,
551 1708 901 1775 confestim
941 1708 1067 1774 alte
1110 1707 1613 1774 circumfoditur
1652 1722 1719 1774 et
1755 1707 2122 1774 scrobiculo
2150 1707 2323 1774 facto
2355 1708 2439 1775 ad
2470 1709 2682 1775 imum

208 1817 434 1883 solum
466 1815 863 1902 praeciditur
893 1815 1434 1902 adobruiturque,
1468 1829 1543 1882 ut
1574 1828 1640 1882 et
1670 1815 1920 1882 radices
1951 1816 2262 1882 deorsum
2285 1829 2431 1903 agat
2454 1837 2577 1882 nec
2599 1838 2680 1881 ex

214 1922 599 2009 propinquo
622 1922 1038 2008 neglegenter
1057 1921 1128 1986 in
1149 1943 1409 1987 summa
1429 1935 1602 1987 terra
1621 1935 1868 1988 resecta
1889 1921 2352 2008 progerminet.
2446 1941 2489 2004 4
2511 1935 2680 1987 tem·

103 2056 173 2093 20
216 2050 345 2114 pus
380 2040 605 2093 autem
638 2050 774 2094 non
808 2027 987 2093 aliud
1021 2026 1229 2113 magis
1262 2027 1579 2093 idoneum
1614 2042 1712 2095 est
1745 2027 1923 2094 hunc
1958 2050 2260 2114 mergum
2294 2028 2681 2114 amputandi

215 2156 421 2221 quam
449 2132 535 2199 ab
565 2134 799 2200 Idibus
829 2133 1232 2200 Octobribus
1261 2133 1330 2199 in
1361 2133 1522 2199 Idus
1551 2134 1976 2213 Nouembris,
2007 2147 2083 2199 ut
2111 2132 2405 2200 hibernis
2434 2134 2680 2200 mensi-

215 2240 346 2308 bus
375 2262 527 2306 suas
556 2240 806 2306 radices
834 2239 1198 2307 confirmet:
1231 2262 1387 2306 nam
1415 2241 1470 2305 si
1499 2262 1657 2306 uere
1686 2240 1755 2306 id
1783 2239 2152 2319 fecerimus,
2187 2263 2321 2327 quo
2350 2262 2681 2327 gemmare

0 2410 2 2463 Ι
216 2347 525 2434 palmites
561 2346 906 2433 incipiunt,
944 2346 1171 2413 matris
1205 2347 1530 2413 alimentis
1565 2346 1787 2414 subito
1824 2347 2258 2427 destitutu<s>
2296 2347 2676 2433 languescit.

88 2513 173 2588 16
309 2547 349 2589 1
387 2524 639 2592 Eadem
693 2524 857 2590 ratio
902 2537 1002 2590 est
1045 2524 1115 2590 in
1158 2523 1612 2591 transferendo
1658 2524 1979 2591 malleolo:
2027 2547 2182 2591 nam
2226 2524 2518 2590 secundo
2564 2547 2681 2590 au-

215 2645 477 2711 tumn0,
525 2631 581 2697 si
625 2631 786 2697 caeli
829 2645 895 2698 et
939 2631 1065 2697 loci
1110 2631 1388 2718 qualitas
1430 2631 1696 2718 patitur,
1744 2631 2276 2698 commodissime
2320 2644 2472 2718 post
2518 2631 2681 2698 Idus

222 2737 555 2817 Octobris,
603 2750 950 2824 exemptus
995 2738 1380 2817 conseritur;
1429 2737 1530 2803 sin
1578 2752 1799 2804 autem
1846 2737 2063 2824 aliqua
2108 2751 2314 2804 terrae
2360 2737 2469 2803 uel
2516 2737 2680 2802 aeris

0 2778 6 2935 i
220 2858 544 2931 repugnat
596 2844 852 2923 iniuria,
908 2844 1385 2931 tempestiuitas
1437 2844 1579 2910 eius
1632 2844 1701 2910 in
1753 2844 2131 2931 proximum
2183 2866 2301 2910 uer
2353 2843 2677 2923 differtur,

148 2977 175 3025 5
220 2973 438 3037 neque
477 2951 726 3017 diutius
764 2950 833 3016 in
869 2951 1082 3017 uineis
1119 2951 1591 3037 relinquendus
1627 2964 1746 3031 est,
1787 2973 1869 3017 ne
1906 2950 2028 3016 soli
2065 2951 2239 3018 uires
2276 2950 2579 3017 absumat
2614 2963 2681 3017 et

0 3042 2 3135 l
218 3057 549 3123 ordinaria
586 3057 837 3123 semina
877 3056 1160 3136 infestet,
1205 3079 1372 3144 quae
1414 3070 1662 3144 quanto
1703 3057 1977 3124 celerius
2017 3057 2287 3123 liberata
2325 3071 2480 3123 sunt
2520 3078 2679 3124 con-

0 3140 2 3191 *
218 3163 421 3230 sortio
454 3163 939 3243 uiuiradicium,
975 3177 1159 3230 tanto
1183 3163 1438 3230 facilius
1460 3164 1948 3230 conualescunt.
1976 3177 2041 3229 at
2065 3164 2133 3230 in
2157 3163 2505 3230 seminario
2530 3164 2681 3230 licet

0 3298 8 3329 ·
217 3270 485 3336 trimam
508 3284 705 3357 atque
729 3270 929 3336 etiam
952 3270 1367 3356 quadrimam
1389 3270 1598 3336 uitem
1621 3283 1935 3336 resectam
1960 3270 2066 3336 uel
2091 3283 2363 3356 anguste
2382 3283 2681 3357 putatam

224 3377 576 3457 custodire,
612 3377 767 3463 quia
798 3399 933 3443 non
964 3376 1328 3442 consulitur
1356 3376 1750 3443 uindemiae.

11 3594 22 3625 ι
289 3570 375 3624 16:
413 3586 585 3624 12-20
621 3569 760 3623 Plau.
793 3581 903 3622 nat.
937 3582 1132 3634 17,194
1166 3597 1205 3607 -
1246 3586 1416 3635 15-20
1451 3570 1646 3635 Thphr.
1680 3570 1780 3623 ΟΡ
1805 3583 1967 3634 4,1,4,
1999 3582 2180 3635 4,r4,1
2215 3597 2254 3607 -
2295 3570 2466 3635 15-16
2502 3570 2673 3623 Varro

222 3669 345 3712 rust.
369 3659 525 3722 1,26,·
544 3660 684 3712 Ptin.
708 3670 818 3712 nat.
844 3672 1003 3723 17,ro
1039 3686 1077 3696 -
1112 3676 1284 3724 21-23
1307 3660 1446 3713 Ptin.
1470 3669 1582 3712 nat.
1607 3660 1819 3724 17,187,
1844 3672 2039 3723 17,2rr

221 3801 253 3854 8
268 3813 353 3868 pr.
378 3800 618 3867 SAhbfc
639 3828 678 3839 -
699 3818 732 3866 9
756 3819 923 3866 supra
945 3801 1079 3855 su
1102 3802 1252 3854 iuxta
1275 3800 1374 3868 hic
1398 3803 1547 3855 iuxta
1571 3819 1735 3866 supra
1757 3801 1861 3868 fpy
1882 3819 2048 3867 supra
2072 3803 2222 3855 iuxta
2246 3817 2284 3855 a
2305 3829 2344 3838 -
2366 3802 2518 3854 iuxta
2540 3801 2674 3854 SAR

221 3907 384 3956 supra
403 3889 504 3956 hic
524 3907 623 3943 om.
644 3890 786 3957 fpyo
819 3917 860 3927 -
899 3908 956 3943 11
984 3891 1154 3944 harcu
1173 3890 1226 3942 A
1259 3917 1299 3927 -
1338 3909 1403 3956 14
1422 3891 1602 3943 trahat
1622 3903 1676 3943 et
1697 3891 1788 3944 SR
1809 3892 1985 3944 trahet
2005 3891 2058 3943 A
2091 3918 2131 3928 -
2171 3908 2230 3955 ις
2256 3892 2327 3943 ali
2347 3889 2678 3957 bimajrpyu

222 3980 288 4032 ab
320 3981 432 4032 ima
461 3979 643 4033 sm
675 3980 744 4031 ali
777 3980 887 4032 ima
918 3995 953 4045 9
988 4007 1025 4017 -
1059 3981 1241 4044 palma
1270 3981 1323 4032 R
1358 4007 1395 4016 -
1436 3993 1499 4044 17
1532 3981 1812 4032 recesserit
1843 3981 1896 4032 R
1930 4007 1967 4017 -
1998 3980 2675 4045 alteresAuidediss.pp.

223 4080 323 4131 151
354 4086 428 4134 sq.
468 4096 507 4105 —
540 4069 878 4121 scrobisculo
910 4069 950 4122 S
985 4096 1023 4105 -
1063 4070 1126 4122 18
1160 4070 1420 4122 scrobum
1452 4068 1526 4120 A²
1563 4096 1601 4106 -
1636 4085 1699 4123 21
1740 4069 1999 4121 Octobris
2032 4069 2085 4121 A
2118 4095 2157 4105 -
2192 4069 2456 4122 hibernus
2490 4068 2604 4121 SA¹
2639 4096 2677 4106 -

222 4171 287 4211 22
311 4158 641 4211 confirment
662 4157 755 4211 SA
774 4185 812 4195 -
833 4173 900 4222 23
925 4158 1221 4211 destitutus
1245 4172 1288 4225 γ
1310 4159 1572 4211 destituta
1593 4159 1736 4212 SAR

293 4246 377 4300 16:
430 4246 2676 4311 1mueademadd.etR-2cummodissime8—3consequeturSA-4.

224 4333 532 4388 iiuriaA-
570 4334 2680 4401 5neRnecSA—sociiSA-absurnamSA—7uiuiradicumh7-o—

224 4424 294 4477 ad
324 4424 439 4477 S¹A
471 4451 510 4462 —
546 4425 580 4478 8
612 4425 895 4489 angustiae
916 4426 1020 4478 AR
1054 4451 1092 4462 -
1127 4441 1160 4489 9
1185 4426 1447 4490 quoniam
1469 4425 1523 4477 R
1556 4452 1595 4462 -
1630 4426 1952 4478 uindemeae
1974 4425 2049 4477 A¹
2083 4451 2122 4461 -
2163 4441 2228 4477 10
2252 4424 2592 4477 tricesimum
2609 4422 2678 4489 jn
