3109 5559
690 248 770 294 22
1268 250 1322 291 L.
1376 249 1500 291 IVNI
1546 248 1871 291 MODERA‘H
1917 250 2326 293 COLVMELLAE

687 411 925 472 uinitor
973 409 1309 471 restituere
1356 408 1559 470 debet
1604 418 1671 470 et
1719 407 1921 471 fracta
1969 410 2120 490 iuga
2167 411 2579 472 considerate
2617 412 2952 472 resarcire

686 530 797 578 aut
851 517 1163 579 disiectos
1225 515 1412 597 palos
1459 535 1794 596 reponere,
1846 518 1934 579 ita
1982 537 2063 578 ne
2111 528 2374 579 teneros
2421 519 2771 598 pampinos
2825 538 2948 579 ex·

689 623 957 705 plantet.
1070 624 1304 685 eodem
1378 634 1675 703 tempore
1744 623 2016 685 secundi
2086 624 2255 686 fetus
2325 625 2615 705 pecudes
2681 626 2946 704 signari

686 742 963 813 oportet.

582 960 666 1021 39
686 944 832 1007 Kal.
886 946 1094 1021 Maiis,
1158 945 1284 1006 hoc
1332 945 1534 1006 biduo
1580 944 1681 1006 sol
1727 965 1922 1007 unam
1971 947 2205 1007 dicitur
2251 957 2474 1008 tenere
2521 945 2944 1027 particulam,
2973 979 3004 1023 5

900 1050 1139 1115 Sucula
1185 1072 1334 1113 cum
1380 1051 1519 1113 sole
1567 1053 1873 1114 exoritur.

686 1179 747 1220 vl
868 1160 1037 1221 Non.
1092 1160 1243 1221 Mai.
1293 1158 1838 1239 septentrionales
1885 1161 2079 1221 uenti.

686 1286 726 1326 v
864 1266 1033 1327 Non.
1088 1266 1239 1327 Mai.
1292 1265 1656 1327 Centaurus
1701 1276 1878 1328 totus
1909 1277 2205 1348 apparet,
2241 1277 2699 1348 tempestatem
2734 1268 2948 1346 signi·

899 1373 1067 1435 ficat

686 1500 743 1541 111
865 1480 1033 1541 Non.
1089 1480 1240 1541 Mai.
1292 1480 1463 1541 idem
1512 1479 1694 1541 sidus
1742 1479 2027 1560 pluuiam
2074 1480 2415 1561 significat.
2977 1513 3038 1543 ιο

688 1589 895 1668 pridie
944 1586 1112 1648 Non.
1166 1587 1317 1648 Mai.
1370 1586 1560 1667 Nepa
1609 1587 1861 1648 medius
1907 1589 2167 1660 occidit,
2227 1598 2685 1667 tempestatem
2733 1588 2946 1668 signi·

899 1693 1067 1755 fleat

686 1801 853 1862 Non.
908 1800 1058 1862 Mai.
1110 1800 1440 1881 Vergiliae
1488 1802 1866 1863 exoriuntur
1913 1821 2123 1874 mane,
2173 1801 2522 1863 Fauonius

688 1927 769 1969 vn
866 1908 957 1969 Id.
1022 1908 1173 1969 Mai.
1235 1908 1502 1969 aestatis
1564 1908 1831 1979 initium,
1894 1908 2226 1970 Fauonius
2281 1919 2392 1970 aut
2449 1906 2674 1983 CoruS‚
2740 1908 2945 1969 inter-

902 2014 1057 2076 dum
1106 2026 1171 2076 et
1221 2013 1494 2095 pluuiae.
2976 2046 3036 2088 ιδ

580 2150 667 2210 40
688 2144 749 2185 Vl
870 2125 961 2185 Id.
1015 2123 1165 2184 Mai.
1218 2121 1549 2202 Vergiliae
1599 2132 1777 2182 totae
1819 2135 2158 2203 apparent,
2193 2123 2522 2184 Fauonius
2554 2131 2665 2183 aut
2696 2119 2942 2198 CoruS‚

582 2996 655 3054 41

903 2230 1223 2291 interdum
1274 2240 1339 2290 et
1388 2228 1664 2308 pluuiae.

688 2357 745 2398 111
866 2338 959 2398 Id.
1013 2337 1165 2398 Mai.
1218 2336 1398 2398 Fidis
1445 2355 1637 2397 mane
1684 2336 1902 2411 oritur,
1952 2336 2278 2417 significat
2325 2346 2801 2417 tempestatem.

900 2445 1019 2505 Per
1051 2444 1172 2505 hos
1204 2442 1345 2503 dies
1378 2443 1748 2503 runcandae
1780 2454 2042 2524 segetes
2073 2454 2241 2516 sunt,
2279 2442 2650 2505 faenisiciae
2682 2443 2945 2504 institu-

688 2553 915 2613 endae.
1012 2552 1224 2612 bonus
1283 2550 1618 2630 operarius
1675 2551 1841 2629 prati
1890 2552 2182 2631 iugerum
2228 2550 2499 2612 desecat
2546 2570 2667 2611 nec
2715 2551 2945 2612 minus
2967 2580 3037 2610 20

691 2659 862 2721 mille
927 2658 1247 2719 ducentos
1318 2655 1687 2736 manipulos
1752 2677 1917 2718 unus
1982 2656 2251 2737 obligat,
2320 2659 2431 2738 qui
2496 2658 2625 2718 sint
2689 2658 2943 2737 singuli

691 2779 1146 2848 quaternarum
1212 2763 1534 2826 librarum.
1633 2762 1899 2825 arbores
1963 2784 2224 2845 quoque
2284 2775 2543 2845 tempus
2598 2776 2698 2825 est
2755 2763 2942 2825 abla-

693 2885 965 2954 queatas
1029 2870 1500 2933 circumfodere
1554 2881 1622 2932 et
1676 2872 1962 2951 operire;
2034 2891 2161 2932 una
2217 2891 2420 2952 opera
2475 2869 2768 2931 nouellas
2811 2871 2945 2932 cir-

689 2979 1045 3041 cumfodiet
1114 2979 1380 3040 arbores
1448 2996 1638 3049 Lxxx,
1706 2978 2076 3040 mediocres*
2116 2997 2263 3051 va,
2332 2997 2605 3058 magnas
2651 2997 2704 3038 L.
2799 2977 2944 3039 hoc

874 3300 891 3329 1
939 3283 1263 3330 considerate
1303 3281 1554 3329 resarcite
1593 3282 1705 3328 sAa
1766 3281 2098 3329 considerare
2136 3287 2189 3328 et
2225 3281 2478 3328 resarcire
2515 3282 2559 3328 B
2793 3295 2823 3339 5
2869 3257 2947 3329 εὖ.

690 3374 850 3421 maias
888 3376 920 3420 S
958 3358 1025 3419 ki
1063 3373 1221 3419 maias
1259 3373 1297 3419 A
1336 3371 1437 3418 kal.
1477 3369 1637 3417 maias
1675 3371 1719 3417 B
1862 3370 2020 3417 uiduo
2047 3373 2080 3418 S
2116 3371 2237 3417 uido
2261 3373 2313 3427 (u
2339 3377 2450 3431 sup.
2480 3386 2511 3417 o
2535 3386 2629 3416 scr.
2659 3386 2728 3416 m.
2759 3369 2875 3426 rec.)
2903 3374 2944 3419 A

868 3479 967 3509 una
1005 3463 1079 3510 SA
1345 3472 1397 3506 vl
1437 3459 1543 3507 ΝόΝ
1582 3460 1626 3507 ὦ
1662 3460 1738 3507 SA
1793 3472 1846 3505 vt
1885 3474 2003 3506 non.
2045 3460 2159 3507 mai.
2199 3460 2281 3506 uel
2312 3459 2473 3507 maias
2509 3460 2577 3514 B:
2632 3459 2739 3506 eod.
2779 3461 2948 3506 modo

688 3569 822 3613 sequ.
864 3552 983 3599 dier.
1024 3567 1166 3598 num.
1205 3551 1338 3612 sagn.
1528 3564 1584 3595 11
1630 3547 1744 3596 Ρκιὸ
1782 3551 1816 3596 S
1852 3541 1974 3596 Pffin
2013 3551 2051 3597 A
2219 3548 2369 3596 nonis
2407 3548 2450 3595 ὦ
2486 3548 2562 3595 SA
2601 3564 2720 3595 non.
2747 3548 2869 3594 maj.
2899 3552 2947 3597 B

840 3657 900 3700 ¹3
940 3642 1173 3688 exoritur
1213 3642 1248 3687 A
1403 3654 1461 3697 14
1491 3651 1564 3685 vu
1603 3639 1716 3685 idus
1755 3639 1798 3685 §s
1836 3639 1910 3687 SA
1949 3639 2064 3685 idus
2090 3638 2205 3684 mai.
2231 3639 2297 3698 B;
2336 3636 2441 3683 eod.
2471 3636 2624 3684 modo
2647 3653 2782 3697 sequ.
2809 3636 2944 3685 dier.

691 3747 834 3776 num.
874 3731 1008 3791 sign.
1174 3730 1364 3776 chorus
1402 3730 1521 3775 SAR
1694 3742 1751 3788 ¹5
1791 3728 1964 3788 pluuie
2004 3729 2053 3782 (e
2093 3729 2146 3774 in
2185 3743 2231 3774 ae
2269 3732 2395 3773 mut.
2435 3718 2533 3782 ιη’)
2568 3729 2602 3774 S
2639 3726 2809 3786 pluuia
2853 3729 2945 3776 AB

858 3823 918 3866 16
959 3821 1148 3866 chorus
1187 3820 1306 3866 SAR
1480 3831 1542 3876 19
1581 3818 1843 3864 runcande
1882 3819 1924 3864 R
1981 3817 2216 3864 nunande
2257 3812 2304 3875 (r
2340 3824 2450 3878 sup.
2486 3823 2565 3877 pr.
2607 3831 2638 3862 n
2676 3822 2722 3860 et
2755 3831 2782 3860 c
2819 3825 2943 3878 sup.

692 3926 753 3956 na
792 3926 884 3957 scr.
926 3926 995 3956 m.
1037 3911 1148 3964 rec.)
1184 3910 1222 3956 A
1279 3907 1533 3954 nonandae
1573 3909 1606 3954 S
1786 3921 1848 3952 21
1901 3907 2094 3967 obligat
2132 3907 2214 3953 AR
2269 3906 2440 3966 alligat
2475 3907 2510 3952 S
2693 3921 2760 3951 22
2797 3906 2944 3953 abla-

693 4007 908 4059 queatas
950 4002 990 4047 R
1037 3998 1354 4057 ablaqueatis
1400 3998 1473 4044 SA
1529 3996 1866 4054 ablaqueatos
1913 3998 1946 4043 b
2001 3996 2317 4054 allaqueatus
2361 4009 2397 4042 a
2613 4009 2682 4054 23
2721 3995 2943 4042 circum·

694 4089 853 4136 fodiet
892 4099 942 4136 et
980 4091 1050 4136 ab
1195 4103 1261 4145 24
1302 4081 1625 4142 mediocres]
1666 4094 1699 4129 a
1735 4081 1845 4145 syll.
1885 4101 2058 4131 -ocres
2096 4080 2190 4130 inc.
2230 4086 2294 4140 V;
2335 4084 2414 4144 csr
2448 4083 2590 4144 infra
2628 4083 2751 4130 adn.
2785 4091 2836 4146 p.
2867 4101 2942 4144 35

690 4195 740 4225 u.
778 4194 809 4236 5
959 4191 1059 4224 va
1100 4179 1182 4224 AR
1220 4188 1319 4223 Lxx
1355 4177 1465 4233 SVp
1609 4171 1667 4220 ὀσ
1710 4185 1746 4218 α
