<?xml version="1.0" encoding="UTF-8"?>
<!DOCTYPE html PUBLIC "-//W3C//DTD XHTML 1.0 Transitional//EN"
    "http://www.w3.org/TR/xhtml1/DTD/xhtml1-transitional.dtd">
<html xmlns="http://www.w3.org/1999/xhtml" xml:lang="en" lang="en">
 <head>
  <title>
</title>
<meta http-equiv="Content-Type" content="text/html;charset=utf-8" />
  <meta name='ocr-system' content='tesseract 3.04.00' />
  <meta name='ocr-capabilities' content='ocr_page ocr_carea ocr_par ocr_line ocrx_word'/>
</head>
<body>
  <div class='ocr_page' id='page_1' title='image "./operaquaeexstan00hedbgoog_0264.png"; bbox 0 0 3109 5559; ppageno 0'>
   <div class='ocr_carea' id='block_1_1' title="bbox 284 902 2617 1716">
    <p class='ocr_par' dir='ltr' id='par_1_1' title="bbox 284 902 2617 1716">
     <span class='ocr_line' id='line_1_1' title="bbox 384 902 2441 990; baseline 0 -21"><span class='ocrx_word' id='word_1_1' title='bbox 384 905 437 970; x_wconf 92' lang='grc' dir='ltr'>Ι.</span> <span class='ocrx_word' id='word_1_2' title='bbox 486 903 1072 979; x_wconf 85' lang='lat' dir='ltr'>Quemadmodum</span> <span class='ocrx_word' id='word_1_3' title='bbox 1105 903 1287 970; x_wconf 86' lang='lat' dir='ltr'>datas</span> <span class='ocrx_word' id='word_1_4' title='bbox 1317 903 1564 969; x_wconf 90' lang='lat' dir='ltr'>formas</span> <span class='ocrx_word' id='word_1_5' title='bbox 1594 925 1901 990; x_wconf 89' lang='lat' dir='ltr'>agrorum</span> <span class='ocrx_word' id='word_1_6' title='bbox 1932 903 2149 969; x_wconf 91' lang='lat' dir='ltr'>metiri</span> <span class='ocrx_word' id='word_1_7' title='bbox 2181 902 2441 969; x_wconf 77' lang='lat' dir='ltr'>debeas,</span> 
     </span>
     <span class='ocr_line' id='line_1_2' title="bbox 347 1009 2617 1097; baseline 0.001 -22"><span class='ocrx_word' id='word_1_8' title='bbox 347 1011 437 1076; x_wconf 94' lang='lat' dir='ltr'>II.</span> <span class='ocrx_word' id='word_1_9' title='bbox 486 1010 793 1085; x_wconf 90' lang='lat' dir='ltr'>Quotena</span> <span class='ocrx_word' id='word_1_10' title='bbox 823 1010 1075 1076; x_wconf 88' lang='lat' dir='ltr'>semina</span> <span class='ocrx_word' id='word_1_11' title='bbox 1104 1011 1407 1097; x_wconf 89' lang='lat' dir='ltr'>iugerum</span> <span class='ocrx_word' id='word_1_12' title='bbox 1437 1011 1508 1076; x_wconf 95' lang='lat' dir='ltr'>in</span> <span class='ocrx_word' id='word_1_13' title='bbox 1538 1024 1762 1077; x_wconf 88' lang='lat' dir='ltr'>ternos</span> <span class='ocrx_word' id='word_1_14' title='bbox 1793 1009 1996 1097; x_wconf 90' lang='lat' dir='ltr'>pedes</span> <span class='ocrx_word' id='word_1_15' title='bbox 2027 1032 2102 1076; x_wconf 95' lang='lat' dir='ltr'>ac</span> <span class='ocrx_word' id='word_1_16' title='bbox 2134 1010 2373 1076; x_wconf 91' lang='lat' dir='ltr'>deinde</span> <span class='ocrx_word' id='word_1_17' title='bbox 2404 1032 2617 1097; x_wconf 88' lang='lat' dir='ltr'>usque</span> 
     </span>
     <span class='ocr_line' id='line_1_3' title="bbox 484 1116 1695 1204; baseline 0 -22"><span class='ocrx_word' id='word_1_18' title='bbox 484 1117 555 1183; x_wconf 92' lang='lat' dir='ltr'>in</span> <span class='ocrx_word' id='word_1_19' title='bbox 587 1116 794 1183; x_wconf 89' lang='lat' dir='ltr'>denos</span> <span class='ocrx_word' id='word_1_20' title='bbox 824 1116 1028 1203; x_wconf 88' lang='lat' dir='ltr'>pedes</span> <span class='ocrx_word' id='word_1_21' title='bbox 1059 1117 1375 1203; x_wconf 88' lang='lat' dir='ltr'>disposita</span> <span class='ocrx_word' id='word_1_22' title='bbox 1405 1117 1695 1204; x_wconf 92' lang='lat' dir='ltr'>recipiat.</span> 
     </span>
     <span class='ocr_line' id='line_1_4' title="bbox 312 1223 1727 1311; baseline 0.001 -23"><span class='ocrx_word' id='word_1_23' title='bbox 312 1225 440 1290; x_wconf 95' lang='lat' dir='ltr'><strong>III.</strong></span> <span class='ocrx_word' id='word_1_24' title='bbox 485 1224 798 1290; x_wconf 86' lang='lat' dir='ltr'>Culturas</span> <span class='ocrx_word' id='word_1_25' title='bbox 827 1224 1332 1311; x_wconf 91' lang='lat' dir='ltr'>prouincialium</span> <span class='ocrx_word' id='word_1_26' title='bbox 1362 1223 1727 1289; x_wconf 87' lang='lat' dir='ltr'>uinearum.</span> 
     </span>
     <span class='ocr_line' id='line_1_5' title="bbox 324 1330 1283 1396; baseline 0 0"><span class='ocrx_word' id='word_1_27' title='bbox 324 1331 437 1396; x_wconf 94' lang='lat' dir='ltr'>IV.</span> <span class='ocrx_word' id='word_1_28' title='bbox 488 1331 593 1396; x_wconf 93' lang='lat' dir='ltr'>De</span> <span class='ocrx_word' id='word_1_29' title='bbox 623 1330 917 1396; x_wconf 88' lang='lat' dir='ltr'>ulrnariis</span> <span class='ocrx_word' id='word_1_30' title='bbox 946 1330 1283 1396; x_wconf 84' lang='lat' dir='ltr'>faciendis.</span> 
     </span>
     <span class='ocr_line' id='line_1_6' title="bbox 359 1436 2180 1523; baseline 0 -21"><span class='ocrx_word' id='word_1_31' title='bbox 359 1437 439 1503; x_wconf 91' lang='lat' dir='ltr'>V.</span> <span class='ocrx_word' id='word_1_32' title='bbox 491 1437 596 1503; x_wconf 94' lang='lat' dir='ltr'>De</span> <span class='ocrx_word' id='word_1_33' title='bbox 626 1436 995 1503; x_wconf 90' lang='lat' dir='ltr'>ordinando</span> <span class='ocrx_word' id='word_1_34' title='bbox 1025 1436 1295 1503; x_wconf 88' lang='lat' dir='ltr'>arbusto</span> <span class='ocrx_word' id='word_1_35' title='bbox 1324 1450 1391 1503; x_wconf 93' lang='lat' dir='ltr'>et</span> <span class='ocrx_word' id='word_1_36' title='bbox 1420 1458 1590 1523; x_wconf 92' lang='lat' dir='ltr'>quae</span> <span class='ocrx_word' id='word_1_37' title='bbox 1620 1436 1705 1503; x_wconf 87' lang='lat' dir='ltr'>sit</span> <span class='ocrx_word' id='word_1_38' title='bbox 1733 1437 1875 1502; x_wconf 88' lang='lat' dir='ltr'>eius</span> <span class='ocrx_word' id='word_1_39' title='bbox 1905 1436 2180 1502; x_wconf 89' lang='lat' dir='ltr'>cultura.</span> 
     </span>
     <span class='ocr_line' id='line_1_7' title="bbox 323 1541 1713 1610; baseline 0 -2"><span class='ocrx_word' id='word_1_40' title='bbox 323 1543 439 1610; x_wconf 94' lang='lat' dir='ltr'>VI.</span> <span class='ocrx_word' id='word_1_41' title='bbox 492 1544 597 1609; x_wconf 95' lang='lat' dir='ltr'>De</span> <span class='ocrx_word' id='word_1_42' title='bbox 627 1544 992 1609; x_wconf 88' lang='lat' dir='ltr'>seminariis</span> <span class='ocrx_word' id='word_1_43' title='bbox 1021 1543 1347 1609; x_wconf 89' lang='lat' dir='ltr'>oliuarum</span> <span class='ocrx_word' id='word_1_44' title='bbox 1376 1541 1713 1609; x_wconf 80' lang='lat' dir='ltr'>faciendis,</span> 
     </span>
     <span class='ocr_line' id='line_1_8' title="bbox 284 1649 1255 1716; baseline 0.001 -2"><span class='ocrx_word' id='word_1_45' title='bbox 284 1650 436 1716; x_wconf 93' lang='lat' dir='ltr'><strong>VII.</strong></span> <span class='ocrx_word' id='word_1_46' title='bbox 488 1650 593 1716; x_wconf 94' lang='lat' dir='ltr'>De</span> <span class='ocrx_word' id='word_1_47' title='bbox 623 1649 808 1716; x_wconf 90' lang='lat' dir='ltr'>cultu</span> <span class='ocrx_word' id='word_1_48' title='bbox 838 1650 1255 1716; x_wconf 89' lang='lat' dir='ltr'>oliuetorum.</span> 
     </span>
    </p>
   </div>
   <div class='ocr_carea' id='block_1_2' title="bbox 249 1755 1407 1929">
    <p class='ocr_par' dir='ltr' id='par_1_2' title="bbox 249 1755 1407 1929">
     <span class='ocr_line' id='line_1_9' title="bbox 249 1755 1359 1843; baseline 0.001 -23"><span class='ocrx_word' id='word_1_49' title='bbox 249 1755 437 1821; x_wconf 91' lang='lat' dir='ltr'><strong>VIII.</strong></span> <span class='ocrx_word' id='word_1_50' title='bbox 487 1756 593 1822; x_wconf 90' lang='lat' dir='ltr'>De</span> <span class='ocrx_word' id='word_1_51' title='bbox 623 1755 970 1822; x_wconf 88' lang='lat' dir='ltr'>arboribus</span> <span class='ocrx_word' id='word_1_52' title='bbox 999 1755 1359 1843; x_wconf 87' lang='lat' dir='ltr'>pomiferis.</span> 
     </span>
     <span class='ocr_line' id='line_1_10' title="bbox 322 1861 1407 1929; baseline 0.002 -2"><span class='ocrx_word' id='word_1_53' title='bbox 322 1862 440 1928; x_wconf 94' lang='lat' dir='ltr'>IX.</span> <span class='ocrx_word' id='word_1_54' title='bbox 491 1863 596 1928; x_wconf 94' lang='lat' dir='ltr'>De</span> <span class='ocrx_word' id='word_1_55' title='bbox 627 1861 1048 1928; x_wconf 87' lang='lat' dir='ltr'>insitionibus</span> <span class='ocrx_word' id='word_1_56' title='bbox 1077 1862 1407 1929; x_wconf 86' lang='lat' dir='ltr'>arborum.</span> 
     </span>
    </p>
   </div>
   <div class='ocr_carea' id='block_1_3' title="bbox 353 1967 897 2055">
    <p class='ocr_par' dir='ltr' id='par_1_3' title="bbox 353 1967 897 2055">
     <span class='ocr_line' id='line_1_11' title="bbox 353 1967 897 2055; baseline 0.004 -22"><span class='ocrx_word' id='word_1_57' title='bbox 353 1968 437 2034; x_wconf 91' lang='lat' dir='ltr'>X.</span> <span class='ocrx_word' id='word_1_58' title='bbox 488 1969 593 2035; x_wconf 94' lang='lat' dir='ltr'>De</span> <span class='ocrx_word' id='word_1_59' title='bbox 623 1967 897 2055; x_wconf 88' lang='lat' dir='ltr'>cythiso.</span> 
     </span>
    </p>
   </div>
   <div class='ocr_carea' id='block_1_4' title="bbox 178 2095 589 2106">
    <p class='ocr_par' dir='ltr' id='par_1_4' title="bbox 178 2095 589 2106">
     <span class='ocr_line' id='line_1_12' title="bbox 178 2095 589 2106; baseline 0 3453"><span class='ocrx_word' id='word_1_60' title='bbox 178 2095 589 2106; x_wconf 95' lang='lat' dir='ltr'> </span> 
     </span>
    </p>
   </div>
   <div class='ocr_carea' id='block_1_5' title="bbox 244 2161 2611 2227">
    <p class='ocr_par' dir='ltr' id='par_1_5' title="bbox 244 2161 2611 2227">
     <span class='ocr_line' id='line_1_13' title="bbox 244 2161 2611 2227; baseline 0.001 -15"><span class='ocrx_word' id='word_1_61' title='bbox 244 2161 469 2214; x_wconf 77' lang='lat' dir='ltr'>Titulus.-</span> <span class='ocrx_word' id='word_1_62' title='bbox 494 2163 544 2214; x_wconf 88' lang='lat' dir='ltr'>L</span> <span class='ocrx_word' id='word_1_63' title='bbox 566 2163 760 2227; x_wconf 89' lang='lat' dir='ltr'>(Liber</span> <span class='ocrx_word' id='word_1_64' title='bbox 779 2162 854 2227; x_wconf 75' lang='lat' dir='ltr'>A)</span> <span class='ocrx_word' id='word_1_65' title='bbox 881 2163 1007 2215; x_wconf 91' lang='lat' dir='ltr'>Iuni</span> <span class='ocrx_word' id='word_1_66' title='bbox 1031 2162 1309 2215; x_wconf 83' lang='lat' dir='ltr'>Moderati</span> <span class='ocrx_word' id='word_1_67' title='bbox 1334 2162 1671 2215; x_wconf 86' lang='lat' dir='ltr'>Columellae</span> <span class='ocrx_word' id='word_1_68' title='bbox 1693 2162 1772 2214; x_wconf 90' lang='lat' dir='ltr'>rei</span> <span class='ocrx_word' id='word_1_69' title='bbox 1795 2162 2028 2215; x_wconf 81' lang='lat' dir='ltr'>rusticae</span> <span class='ocrx_word' id='word_1_70' title='bbox 2051 2163 2191 2216; x_wconf 90' lang='lat' dir='ltr'>liber</span> <span class='ocrx_word' id='word_1_71' title='bbox 2210 2174 2396 2215; x_wconf 79' lang='lat' dir='ltr'>sextus</span> <span class='ocrx_word' id='word_1_72' title='bbox 2418 2179 2611 2215; x_wconf 84' lang='lat' dir='ltr'>aureu-</span> 
     </span>
    </p>
   </div>
   <div class='ocr_carea' id='block_1_6' title="bbox 174 2248 2611 2850">
    <p class='ocr_par' dir='ltr' id='par_1_6' title="bbox 174 2248 2611 2581">
     <span class='ocr_line' id='line_1_14' title="bbox 175 2248 2611 2305; baseline 0 -2"><span class='ocrx_word' id='word_1_73' title='bbox 175 2248 290 2302; x_wconf 75' lang='lat' dir='ltr'>laris</span> <span class='ocrx_word' id='word_1_74' title='bbox 317 2251 454 2303; x_wconf 90' lang='lat' dir='ltr'>liber</span> <span class='ocrx_word' id='word_1_75' title='bbox 479 2253 673 2304; x_wconf 75' lang='lat' dir='ltr'>tertius</span> <span class='ocrx_word' id='word_1_76' title='bbox 701 2252 932 2304; x_wconf 84' lang='lat' dir='ltr'>feliciter</span> <span class='ocrx_word' id='word_1_77' title='bbox 958 2252 1051 2304; x_wconf 78' lang='lat' dir='ltr'>SA</span> <span class='ocrx_word' id='word_1_78' title='bbox 1078 2251 1247 2304; x_wconf 85' lang='lat' dir='ltr'>Liber</span> <span class='ocrx_word' id='word_1_79' title='bbox 1277 2251 1403 2304; x_wconf 89' lang='lat' dir='ltr'>Iuni</span> <span class='ocrx_word' id='word_1_80' title='bbox 1431 2252 1710 2305; x_wconf 82' lang='lat' dir='ltr'>Moderati</span> <span class='ocrx_word' id='word_1_81' title='bbox 1740 2251 2078 2304; x_wconf 90' lang='lat' dir='ltr'>Columellae</span> <span class='ocrx_word' id='word_1_82' title='bbox 2107 2252 2184 2304; x_wconf 89' lang='lat' dir='ltr'>rei</span> <span class='ocrx_word' id='word_1_83' title='bbox 2213 2252 2445 2304; x_wconf 83' lang='lat' dir='ltr'>rusticae</span> <span class='ocrx_word' id='word_1_84' title='bbox 2471 2252 2611 2305; x_wconf 89' lang='lat' dir='ltr'>liber</span> 
     </span>
     <span class='ocr_line' id='line_1_15' title="bbox 174 2340 2609 2405; baseline 0 -13"><span class='ocrx_word' id='word_1_85' title='bbox 174 2350 346 2392; x_wconf 73' lang='lat' dir='ltr'>sextus</span> <span class='ocrx_word' id='word_1_86' title='bbox 387 2341 580 2405; x_wconf 86' lang='lat' dir='ltr'>incipit</span> <span class='ocrx_word' id='word_1_87' title='bbox 622 2340 854 2393; x_wconf 82' lang='lat' dir='ltr'>feliciter</span> <span class='ocrx_word' id='word_1_88' title='bbox 894 2340 939 2392; x_wconf 82' lang='lat' dir='ltr'><strong>h</strong></span> <span class='ocrx_word' id='word_1_89' title='bbox 982 2341 1032 2392; x_wconf 88' lang='lat' dir='ltr'>L</span> <span class='ocrx_word' id='word_1_90' title='bbox 1063 2341 1189 2393; x_wconf 89' lang='lat' dir='ltr'>Iuni</span> <span class='ocrx_word' id='word_1_91' title='bbox 1218 2340 1494 2393; x_wconf 83' lang='lat' dir='ltr'>Moderati</span> <span class='ocrx_word' id='word_1_92' title='bbox 1524 2340 1864 2393; x_wconf 83' lang='lat' dir='ltr'>Columellae</span> <span class='ocrx_word' id='word_1_93' title='bbox 1892 2341 1969 2393; x_wconf 87' lang='lat' dir='ltr'>rei</span> <span class='ocrx_word' id='word_1_94' title='bbox 1999 2341 2231 2393; x_wconf 81' lang='lat' dir='ltr'>rusticae</span> <span class='ocrx_word' id='word_1_95' title='bbox 2259 2341 2398 2394; x_wconf 90' lang='lat' dir='ltr'>liber</span> <span class='ocrx_word' id='word_1_96' title='bbox 2424 2351 2609 2393; x_wconf 78' lang='lat' dir='ltr'>sextus</span> 
     </span>
     <span class='ocr_line' id='line_1_16' title="bbox 175 2426 2610 2495; baseline 0.002 -17"><span class='ocrx_word' id='word_1_97' title='bbox 175 2426 390 2481; x_wconf 76' lang='lat' dir='ltr'>feliciter</span> <span class='ocrx_word' id='word_1_98' title='bbox 423 2429 544 2493; x_wconf 83' lang='lat' dir='ltr'>(om.</span> <span class='ocrx_word' id='word_1_99' title='bbox 581 2429 639 2494; x_wconf 74' lang='grc'>9)</span> <span class='ocrx_word' id='word_1_100' title='bbox 674 2430 867 2494; x_wconf 87' lang='lat' dir='ltr'>incipit</span> <span class='ocrx_word' id='word_1_101' title='bbox 902 2430 1023 2494; x_wconf 83' lang='lat' dir='ltr'>(om.</span> <span class='ocrx_word' id='word_1_102' title='bbox 1060 2429 1154 2494; x_wconf 68' lang='lat' dir='ltr'>ru)</span> <span class='ocrx_word' id='word_1_103' title='bbox 1188 2430 1479 2482; x_wconf 76' lang='lat' dir='ltr'>surcularis</span> <span class='ocrx_word' id='word_1_104' title='bbox 1513 2430 1653 2483; x_wconf 90' lang='lat' dir='ltr'>liber</span> <span class='ocrx_word' id='word_1_105' title='bbox 1685 2430 1879 2482; x_wconf 77' lang='lat' dir='ltr'>tertius</span> <span class='ocrx_word' id='word_1_106' title='bbox 1913 2430 2106 2494; x_wconf 87' lang='lat' dir='ltr'>incipit</span> <span class='ocrx_word' id='word_1_107' title='bbox 2141 2430 2262 2494; x_wconf 83' lang='lat' dir='ltr'>(om.</span> <span class='ocrx_word' id='word_1_108' title='bbox 2298 2429 2428 2495; x_wconf 69' lang='grc' dir='ltr'>ης)</span> <span class='ocrx_word' id='word_1_109' title='bbox 2462 2443 2610 2494; x_wconf 68' lang='grc' dir='ltr'>ης.</span> 
     </span>
     <span class='ocr_line' id='line_1_17' title="bbox 178 2514 543 2581; baseline 0.016 -16"><span class='ocrx_word' id='word_1_110' title='bbox 178 2514 364 2581; x_wconf 88' lang='lat' dir='ltr'>Incipit</span> <span class='ocrx_word' id='word_1_111' title='bbox 387 2532 447 2571; x_wconf 83' lang='lat' dir='ltr'>vr</span> <span class='ocrx_word' id='word_1_112' title='bbox 473 2533 543 2570; x_wconf 85' lang='lat' dir='ltr'>m</span> 
     </span>
    </p>

    <p class='ocr_par' dir='ltr' id='par_1_7' title="bbox 174 2605 2611 2850">
     <span class='ocr_line' id='line_1_18' title="bbox 233 2605 2601 2671; baseline 0.001 -15"><span class='ocrx_word' id='word_1_113' title='bbox 233 2605 627 2670; x_wconf 79' lang='lat' dir='ltr'>Argumentum:</span> <span class='ocrx_word' id='word_1_114' title='bbox 660 2607 866 2660; x_wconf 78' lang='lat' dir='ltr'>rubrica</span> <span class='ocrx_word' id='word_1_115' title='bbox 895 2607 1064 2659; x_wconf 85' lang='lat' dir='ltr'>Liber</span> <span class='ocrx_word' id='word_1_116' title='bbox 1084 2617 1269 2659; x_wconf 79' lang='lat' dir='ltr'>sextus</span> <span class='ocrx_word' id='word_1_117' title='bbox 1290 2606 1424 2659; x_wconf 84' lang='lat' dir='ltr'>haec</span> <span class='ocrx_word' id='word_1_118' title='bbox 1443 2607 1687 2659; x_wconf 86' lang='lat' dir='ltr'>continet</span> <span class='ocrx_word' id='word_1_119' title='bbox 1706 2605 1738 2659; x_wconf 72' lang='lat' dir='ltr'>f</span> <span class='ocrx_word' id='word_1_120' title='bbox 1765 2633 1803 2644; x_wconf 92' lang='lat'><em>-</em></span> <span class='ocrx_word' id='word_1_121' title='bbox 1836 2624 2070 2660; x_wconf 67' lang='lat' dir='ltr'>ruentem:</span> <span class='ocrx_word' id='word_1_122' title='bbox 2090 2624 2187 2660; x_wconf 82' lang='lat' dir='ltr'>om.</span> <span class='ocrx_word' id='word_1_123' title='bbox 2204 2605 2262 2671; x_wconf 73' lang='lat' dir='ltr'>if</span> <span class='ocrx_word' id='word_1_124' title='bbox 2289 2633 2327 2644; x_wconf 92' lang='lat'><em>-</em></span> <span class='ocrx_word' id='word_1_125' title='bbox 2360 2624 2470 2671; x_wconf 82' lang='lat' dir='ltr'>arg.</span> <span class='ocrx_word' id='word_1_126' title='bbox 2503 2624 2601 2660; x_wconf 82' lang='lat' dir='ltr'>om.</span> 
     </span>
     <span class='ocr_line' id='line_1_19' title="bbox 174 2694 2611 2761; baseline 0 -13"><span class='ocrx_word' id='word_1_127' title='bbox 174 2706 207 2756; x_wconf 74' lang='grc'>9</span> <span class='ocrx_word' id='word_1_128' title='bbox 248 2720 284 2730; x_wconf 93' lang='grc'>-</span> <span class='ocrx_word' id='word_1_129' title='bbox 329 2711 361 2748; x_wconf 84' lang='lat'>2</span> <span class='ocrx_word' id='word_1_130' title='bbox 403 2696 646 2761; x_wconf 82' lang='lat' dir='ltr'>ingeram</span> <span class='ocrx_word' id='word_1_131' title='bbox 685 2696 761 2749; x_wconf 58' lang='grc' dir='ltr'>ΑΙ</span> <span class='ocrx_word' id='word_1_132' title='bbox 809 2722 847 2733; x_wconf 91' lang='grc'>-</span> <span class='ocrx_word' id='word_1_133' title='bbox 903 2713 1079 2760; x_wconf 79' lang='lat' dir='ltr'>usque</span> <span class='ocrx_word' id='word_1_134' title='bbox 1107 2696 1166 2749; x_wconf 91' lang='lat' dir='ltr'>in</span> <span class='ocrx_word' id='word_1_135' title='bbox 1194 2696 1366 2748; x_wconf 79' lang='lat' dir='ltr'>denos</span> <span class='ocrx_word' id='word_1_136' title='bbox 1394 2696 1563 2760; x_wconf 76' lang='lat' dir='ltr'>pedes</span> <span class='ocrx_word' id='word_1_137' title='bbox 1584 2694 1679 2760; x_wconf 70' lang='lat' dir='ltr'>iffi</span> <span class='ocrx_word' id='word_1_138' title='bbox 1707 2713 1807 2748; x_wconf 80' lang='lat' dir='ltr'>nos</span> <span class='ocrx_word' id='word_1_139' title='bbox 1836 2696 1929 2749; x_wconf 76' lang='lat' dir='ltr'>SA</span> <span class='ocrx_word' id='word_1_140' title='bbox 1955 2713 2132 2760; x_wconf 80' lang='lat' dir='ltr'>usque</span> <span class='ocrx_word' id='word_1_141' title='bbox 2160 2696 2219 2749; x_wconf 91' lang='lat' dir='ltr'>in</span> <span class='ocrx_word' id='word_1_142' title='bbox 2249 2697 2419 2749; x_wconf 80' lang='lat' dir='ltr'>denos</span> <span class='ocrx_word' id='word_1_143' title='bbox 2442 2697 2611 2760; x_wconf 77' lang='lat' dir='ltr'>pedes</span> 
     </span>
     <span class='ocr_line' id='line_1_20' title="bbox 174 2781 2064 2850; baseline 0.003 -17"><span class='ocrx_word' id='word_1_144' title='bbox 174 2781 479 2849; x_wconf 63' lang='lat' dir='ltr'>noshky·</span> <span class='ocrx_word' id='word_1_145' title='bbox 513 2812 551 2823; x_wconf 92' lang='lat'>-</span> <span class='ocrx_word' id='word_1_146' title='bbox 587 2783 1485 2850; x_wconf 69' lang='lat' dir='ltr'>3deculturashjdeculturaM</span> <span class='ocrx_word' id='word_1_147' title='bbox 1516 2811 1555 2821; x_wconf 93' lang='lat'><em>-</em></span> <span class='ocrx_word' id='word_1_148' title='bbox 1592 2785 2064 2850; x_wconf 79' lang='lat' dir='ltr'>sordinandaSA</span> 
     </span>
    </p>
   </div>
   <div class='ocr_carea' id='block_1_7' title="bbox 0 4950 3108 5514">
    <p class='ocr_par' dir='ltr' id='par_1_8' title="bbox 0 4950 3108 5514">
     <span class='ocr_line' id='line_1_21' title="bbox 0 4950 3108 5514; baseline 0 45"><span class='ocrx_word' id='word_1_149' title='bbox 0 4950 3108 5514; x_wconf 95' lang='lat' dir='ltr'> </span> 
     </span>
    </p>
   </div>
  </div>
 </body>
</html>
