3109 5559
264 615 334 666 30

266 1148 331 1199 35

267 2213 335 2263 45

273 2745 343 2795 50

273 3277 339 3327 55

381 90 459 157 18
590 90 669 156 L.
704 90 857 156 Iuni
887 89 1655 172 ModeratikColumellae

372 266 704 346 omnibus,
739 290 878 339 non
909 267 1097 333 facile
1131 267 1313 334 dictu
1345 281 1465 347 est,
1499 289 1657 334 cum
1689 290 1887 334 suum
1919 268 2160 355 cuique
2194 268 2443 354 regioni
2476 268 2684 355 magis
2718 283 2837 336 aut

373 373 595 440 minus
624 387 855 461 aptum
885 396 1025 440 esse
1057 375 1288 440 doceat
1318 396 1497 440 usus,

460 499 507 562 5
544 479 973 567 Exploratum
1002 495 1225 547 tamen
1254 480 1524 547 habebit
1552 482 1848 568 prudens
1877 481 2157 568 agricola
2185 504 2395 568 genus
2423 482 2580 548 uitis
2609 481 2835 549 habile

375 608 631 673 campo,
680 587 863 673 quod
908 586 1182 653 nebulas
1226 588 1667 674 pruinamque
1712 588 1853 654 sine
1899 610 2069 654 noxa
2113 587 2378 674 perfert,
2426 588 2597 668 colli,
2647 589 2837 675 quod

373 692 732 759 siccitatem
773 706 1141 780 uentosque
1180 693 1448 781 patitui-3
1490 693 1724 781 pingui
1763 709 1830 760 et
1869 693 2058 759 uberi
2100 693 2284 760 dabit
2323 716 2479 781 agro
2518 694 2836 781 gracilem

373 799 582 866 uitem
624 820 747 865 nec
789 814 1021 866 natura
1063 800 1260 866 nimis
1302 800 1677 879 fecundam,
1724 822 1945 867 macro
1988 800 2291 880 feracem,
2337 815 2545 867 terrae
2589 802 2835 867 densae

367 905 838 979 ,uehementem
880 905 1219 992 multaque
1262 907 1532 973 materia
1573 906 2014 985 frondentem,
2062 906 2349 973 resoluto
2390 921 2457 973 et
2488 907 2659 974 laeto
2689 907 2837 974 solo

365 1012 502 1085 ‚rari
530 1013 862 1092 sarmenti3
892 1013 1125 1078 umido
1153 1012 1298 1078 loco
1327 1013 1488 1079 sciet
1517 1035 1653 1079 non
1680 1026 1855 1079 recte
1883 1013 2182 1079 mandari
2209 1013 2502 1080 fructum
2529 1014 2739 1080 teneri
2768 1029 2842 1080 et

378 1119 713 1206 amplioris
745 1119 913 1185 acini
945 1120 1062 1185 sed
1094 1118 1401 1199 call<os>i
1431 1133 1499 1186 et
1529 1120 1788 1206 angusti
1820 1119 2317 1207 frequentisque
2347 1120 2623 1200 uinacei‚
2658 1121 2841 1186 sicco

378 1240 552 1292 recte
582 1224 911 1292 contribui
943 1225 1239 1292 diuersae
1269 1239 1538 1292 naturae
1569 1227 1839 1292 semina.

465 1334 509 1395 6
529 1331 662 1398 Sed
688 1345 755 1398 et
781 1346 933 1418 post
958 1331 1119 1398 haec
1146 1355 1281 1398 non
1309 1331 1635 1418 ignorabit
1662 1333 1973 1399 dominus
2000 1331 2126 1399 loci
2153 1332 2305 1420 plus
2331 1355 2525 1420 posse
2553 1333 2840 1420 qualita-

375 1451 513 1504 tem
548 1438 707 1513 caeli
741 1438 1050 1525 frigidam
1083 1438 1193 1504 uel
1227 1439 1525 1518 calidam,
1565 1439 1806 1505 siccam
1841 1439 1949 1505 uel
1984 1439 2329 1518 roscidam,
2366 1440 2842 1525 grandinosam

376 1558 854 1631 uentosamque
881 1544 990 1610 uel
1016 1545 1363 1632 placidam,
1394 1567 1693 1612 serenam
1720 1544 1828 1612 uel
1856 1545 2265 1625 nebulosam3
2354 1563 2397 1627 7
2423 1545 2842 1633 frigidaeque

379 1664 495 1718 aut
523 1651 878 1719 nebulosae
909 1653 1195 1718 duorum
1228 1673 1546 1737 generum
1581 1653 1751 1718 uites
1785 1651 2055 1739 aptabit,
2081 1674 2198 1718 seu
2221 1673 2643 1739 praecoques,
2670 1674 2841 1739 qua-

377 1781 528 1824 rum
560 1759 899 1825 maturitas
932 1758 1202 1845 frugum
1239 1759 1599 1845 praecurrit
1634 1759 1940 1838 hiemem,
1980 1781 2096 1825 seu
2130 1759 2312 1825 firmi
2336 1759 2618 1846 durique
2642 1760 2841 1840 acini,

379 1870 661 1951 quarum
684 1865 854 1931 inter
876 1865 1183 1951 caligines
1205 1886 1374 1932 uuae
1398 1865 1839 1932 deflorescunt
1860 1880 1927 1932 et
1949 1888 2104 1932 mox
2126 1866 2443 1952 gelicidiis
2461 1887 2538 1931 ac
2556 1866 2842 1952 pruiniS,

379 1985 455 2038 ut
477 1972 750 2037 aliarum
773 1969 1117 2051 caloribuS,
1144 1972 1518 2052 mitescunt;
1543 1986 1821 2038 uentoso
1847 1994 2115 2058 quoque
2138 1987 2205 2039 et
2227 1972 2637 2039 tumultuoso
2660 1987 2845 2039 statu

379 2077 540 2144 caeli
570 2077 849 2144 fidenter
878 2079 1142 2144 easdem
1172 2092 1432 2144 tenaces
1462 2099 1537 2144 ac
1569 2079 1719 2144 duri
1750 2079 1919 2144 acini
1949 2080 2336 2158 committet,
2373 2101 2600 2145 rursus
2623 2079 2843 2146 calido

381 2185 736 2250 teneriores
761 2183 1228 2270 uberioresque
1254 2185 1625 2264 concredet;
1654 2185 1828 2251 sicco
1855 2183 2210 2251 destinabit
2234 2206 2362 2264 eas,
2394 2206 2562 2272 quae
2589 2184 2845 2271 pluuiis

380 2305 494 2357 aut
516 2291 846 2358 continuis
868 2290 1128 2357 roribus
1152 2305 1557 2378 putrescunt,
1587 2292 1864 2371 roscido,
1893 2313 2061 2378 quae
2085 2291 2487 2358 siccitatibus
2510 2291 2840 2370 laborant,

382 2397 799 2483 grandinosO,
845 2419 1013 2484 quae
1055 2396 1229 2464 foliis
1271 2398 1454 2464 duris
1494 2398 1773 2484 latisque
1814 2412 1989 2477 sunt,
2035 2420 2170 2484 quo
2212 2397 2448 2463 melius
2488 2411 2846 2485 protegant

381 2503 692 2570 fructum.
747 2526 903 2570 nam
937 2503 1192 2590 placida
1224 2518 1291 2570 et
1324 2526 1552 2570 serena
1585 2505 1763 2591 regio
1798 2503 2049 2571 nullam
2084 2526 2220 2570 non
2253 2504 2504 2591 recipit,
2542 2526 2847 2570 commo-

382 2610 649 2675 dissime
679 2624 901 2676 tamen
931 2631 1096 2689 eam,
1131 2611 1319 2676 cuius
1349 2610 1457 2676 uel
1487 2632 1657 2676 uuae
1688 2610 1796 2676 uel
1826 2610 2011 2676 acina
2039 2610 2334 2677 celeriter
2364 2611 2700 2677 decidunt.

472 2718 516 2779 8
540 2717 641 2781 Ac
673 2716 729 2781 si
762 2730 921 2782 uoto
956 2730 1055 2782 est
1086 2716 1426 2802 eligendus
1459 2717 1672 2783 uineis
1706 2716 1889 2783 locus
1923 2731 1989 2783 et
2021 2730 2229 2783 status
2261 2717 2441 2796 caeli,
2479 2717 2650 2783 sicut
2681 2738 2847 2783 cen-

385 2837 485 2889 set
527 2822 865 2888 uerissime
905 2821 1158 2901 Celsus,
1204 2823 1534 2909 optimum
1579 2837 1678 2889 est
1720 2822 1936 2888 solum
1979 2843 2102 2889 nec
2144 2823 2425 2889 densum
2469 2822 2668 2888 nimis
2711 2844 2844 2889 nec

386 2928 768 3008 resolutum,
803 2928 1018 2995 soluto
1048 2942 1271 2995 tamen
1302 2929 1595 3015 propius,
1631 2951 1753 2995 nec
1783 2928 1947 2995 exile
1979 2951 2102 2995 nec
2132 2928 2580 3008 laetissimum,
2615 2928 2847 3016 proxi-

382 3057 570 3101 mum
600 3049 822 3101 tamen
853 3034 1061 3114 uberi,
1096 3057 1219 3101 nec
1248 3050 1612 3122 campestre
1643 3057 1765 3102 nec
1797 3057 2127 3122 praeceps,
2162 3034 2374 3101 simile
2404 3050 2627 3102 tamen
2657 3034 2846 3102 edito

384 3163 638 3227 campo,
676 3163 796 3207 nec
827 3141 1076 3207 siccum
1107 3162 1229 3208 nec
1261 3141 1681 3227 uliginosum,
1717 3142 1976 3208 modice
2006 3156 2228 3208 tamen
2260 3141 2614 3221 roscidum,
2651 3142 2844 3228 quod

385 3247 683 3314 fontibus
721 3270 858 3314 non
896 3248 965 3314 in
1003 3270 1287 3327 summo,
1329 3270 1465 3315 non
1503 3250 1574 3314 in
1613 3248 1948 3334 profundo
1984 3263 2192 3314 terrae
2230 3248 2572 3314 scaturriat
2608 3247 2725 3313 sed
2762 3263 2849 3315 ut

385 3354 682 3420 uicinum
732 3354 1062 3420 radicibus
1111 3377 1413 3421 umorem
1462 3355 1960 3434 sumministret,
2048 3375 2092 3436 9
2141 3376 2428 3441 eumque
2481 3376 2604 3420 nec
2652 3375 2840 3419 ama-

384 3482 533 3526 rum
569 3481 692 3527 nec
726 3461 990 3539 salsum,
1031 3483 1113 3527 ne
1149 3482 1450 3547 saporem
1485 3461 1628 3526 uini
1662 3475 2041 3547 corrumpat
2075 3474 2142 3527 et
2176 3461 2583 3526 incrementa
2616 3460 2846 3526 uiren-

382 3726 423 3779 8
470 3753 508 3762 -
556 3726 625 3779 28
663 3737 855 3791 aptum
893 3726 1003 3790 u¹p
1041 3727 1191 3792 apud
1228 3743 1287 3778 se
1324 3726 1467 3779 SAR
1510 3752 1547 3762 -
1583 3743 1701 3779 esse
1739 3743 1837 3778 om.
1879 3726 1983 3778 AR
2018 3752 2055 3762 -
2089 3726 2202 3778 usis
2241 3726 2295 3778 A
2329 3752 2366 3762 -
2402 3741 2471 3790 30
2508 3725 2848 3790 pruiamque

381 3814 458 3868 A¹
505 3842 543 3851 -
594 3831 658 3879 33
712 3816 1078 3879 spondentem
1129 3814 1272 3880 hin-¹
1318 3842 1358 3851 —
1405 3816 1646 3867 resuloto
1694 3814 1771 3868 A¹
1823 3816 2067 3868 resuluto
2115 3815 2191 3867 A⁸
2239 3842 2277 3851 -
2329 3830 2399 3879 34
2434 3814 2540 3866 rari
2576 3816 2847 3869 sarmenti

383 3905 616 3956 humido
637 3904 690 3955 R
713 3905 829 3956 radi
852 3905 1210 3957 sarmentium
1234 3905 1308 3956 do
1332 3905 1425 3968 (de
1446 3904 1520 3967 A)
1544 3904 1637 3957 SA
1671 3931 1709 3940 -
1745 3920 1809 3968 35
1836 3904 2006 3956 acinis
2029 3904 2121 3957 SA
2153 3930 2193 3939 —
2226 3904 2325 3956 sed
2346 3904 2450 3956 AR
2472 3914 2556 3956 set
2577 3903 2618 3956 S
2650 3929 2689 3939 -
2722 3904 2844 3956 cal-

385 3994 486 4045 losi
509 3993 675 4058 edpr.
702 3993 824 4046 calli
846 3993 885 4046 8
909 3994 1033 4058 galli
1056 3994 1160 4046 AR
1181 4020 1219 4029 -
1241 3993 1453 4046 uinacei
1474 3994 1528 4046 A
1549 3994 1742 4045 uinace
1765 3993 1806 4046 S
1827 3993 2066 4045 uinaceis
2090 3993 2282 4056 (uitra-
2298 3991 2350 4057 5²
2375 4009 2490 4045 -ces
2513 3991 2602 4056 h¹)
2625 3992 2678 4043 R
2699 4018 2736 4029 -
2758 3992 2850 4046 sic

384 4093 624 4135 correcte
650 4082 704 4134 A
737 4109 775 4118 -
811 4083 879 4146 36
907 4083 1201 4135 comtribui
1230 4082 1269 4135 8
1303 4109 1341 4118 -
1378 4095 1445 4146 37
1474 4092 1598 4134 ante
1623 4099 1785 4147 posse
1811 4082 1934 4134 add.
1965 4098 2083 4134 esse
2108 4081 2185 4134 A¹
2218 4108 2258 4118 -
2294 4097 2361 4145 39
2389 4080 2698 4147 frigidaque
2724 4080 2765 4133 S
2804 4108 2850 4120 —

382 4187 454 4235 4ο
472 4172 601 4224 uitis
620 4170 937 4236 hlecutisj
973 4198 1013 4207 —
1045 4188 1109 4236 41
1135 4172 1374 4224 hiemam
1391 4170 1527 4235 Ahy
1544 4188 1643 4223 om.
1667 4171 1708 4224 S
1741 4198 1779 4207 -
1814 4171 1960 4236 agini
1977 4170 2041 4224 8ι
2074 4197 2113 4207 -
2146 4187 2216 4235 42
2235 4170 2527 4223 caelicidiis
2545 4169 2683 4223 S¹A¹
2706 4195 2745 4208 -
2766 4187 2845 4237 45

382 4260 666 4312 tenerioris
702 4260 1079 4324 uberiorisque
1114 4261 1167 4312 R
1200 4287 1238 4296 -
1273 4261 1579 4314 destinabat
1613 4260 1690 4313 A¹
1723 4287 1761 4296 -
1796 4277 1865 4324 49
1902 4277 2024 4312 eam
2058 4259 2174 4312 S¹A
2208 4260 2319 4312 iam
2352 4259 2416 4312 8¹
2450 4276 2516 4311 ea
2550 4260 2603 4311 R
2636 4285 2675 4296 -
2709 4270 2849 4314 ante

395 4350 631 4401 ”cleriter
655 4349 778 4400 add.
806 4350 896 4401 uel
921 4350 1025 4402 AR
1060 4376 1094 4385 -
1135 4365 1201 4413 52
1228 4350 1482 4414 proprius
1506 4348 1722 4415 Αὴλρο
1756 4376 1794 4385 -
1829 4365 1894 4413 55
1923 4365 2140 4401 summa
2163 4349 2217 4401 A
2248 4375 2288 4384 —
2322 4348 2579 4401 scaturiat
2603 4349 2656 4400 R
2688 4374 2730 4385 —
2765 4351 2846 4413 56

451 4436 2850 4503 tarumA-57nesjaetnecAhk-58ueludA-6oetom.Aj-oabacho
