3109 5559
1350 252 1470 318 Rei
1501 252 1779 318 rusticae
1810 252 1923 319 lib.
1960 253 2057 318 IV
2086 275 2141 319 c.
2176 253 2386 341 28-29
2514 273 2599 340 97

144 429 359 514 putari
391 427 675 508 uineam;
709 451 876 516 quae
906 451 1009 495 res
1039 428 1344 515 quamuis
1374 428 1596 495 minus
1625 428 1823 495 laedit
1852 429 2079 509 uitem,
2113 429 2347 496 merito
2375 444 2598 498 tamen

20 491 23 573 ἱ
52 563 106 600 20
143 533 278 601 fieri
317 534 728 621 prohibetur,
770 535 952 621 quod
988 535 1343 621 frigoribus
1379 535 1596 601 omnis
1633 536 1936 601 surculus
1974 536 2184 622 rigore
2222 550 2440 624 torpet
2477 559 2599 604 nec

144 656 415 728 propter
443 642 742 727 gelicidia
771 641 1081 708 corticem
1112 655 1358 721 mouet,
1392 656 1467 708 ut
1498 642 1866 708 cicatricem
1897 657 2227 709 consanet.

227 769 270 831 4
307 750 531 835 Atque
557 748 736 814 idem
755 749 1015 814 Atticus
1040 770 1175 815 non
1200 748 1507 835 prohibet
1530 749 1768 814 eodem
1794 749 1937 835 ipso
1963 763 2261 835 tempore
2288 750 2594 831 inserere,

145 855 324 940 quod
359 869 425 921 et
457 876 613 921 cum
645 856 848 922 totius
881 854 1381 921 obtruncatione
1415 855 1571 921 uitis
1604 869 1669 921 et
1702 877 1857 922 curn
1890 856 2188 922 eiusdem
2220 857 2598 923 resectionis

144 960 376 1027 fissura
415 962 732 1047 praecipit
771 960 932 1028 fieri.
978 962 1195 1027 uerior
1235 963 1456 1048 itaque
1499 963 1664 1028 ratio
1705 976 1804 1028 est
1847 962 2175 1028 inserendi
2218 964 2597 1050 tepentibus

47 1097 100 1144 25
143 1069 271 1133 iam
315 1068 550 1135 diebus
591 1082 741 1154 post
782 1067 1089 1147 hiemem,
1135 1089 1290 1133 cum
1331 1082 1396 1134 et
1437 1090 1698 1154 gemma
1739 1091 1808 1134 se
1850 1082 1916 1134 et
1957 1081 2178 1134 cortex
2221 1071 2598 1137 naturaliter

144 1188 370 1241 mouet
414 1196 536 1241 nec
580 1174 787 1261 frigus
832 1174 1096 1260 ingruit,
1147 1175 1328 1261 quod
1374 1174 1582 1262 possit
1627 1189 1739 1241 aut
1783 1174 2123 1241 surculum
2169 1175 2441 1242 insitum
2486 1190 2597 1242 aut

144 1280 411 1348 fissurae
463 1281 723 1368 plagam
773 1281 1053 1347 inurere.
1140 1300 1185 1362 5
1229 1281 1641 1368 permiserim
1691 1295 1913 1347 tamen
1963 1280 2428 1348 festinantibus
2480 1305 2595 1348 au·

142 1402 378 1454 turnno
421 1388 628 1455 uitem
672 1387 974 1467 inserere,
1024 1388 1180 1475 quia
1223 1410 1359 1454 non
1404 1388 1739 1453 dissimilis
1782 1402 1882 1455 est
1924 1387 2066 1453 eius
2111 1389 2276 1454 aeris
2321 1389 2597 1475 qualitas

145 1516 402 1560 uernae.

43 1629 104 1677 30
225 1600 359 1667 Sed
404 1622 827 1687 quocumque
872 1600 1020 1688 quis
1063 1615 1360 1687 tempore
1406 1600 1830 1666 destinauerit
1874 1599 2176 1679 inserere,
2224 1623 2359 1667 non
2403 1601 2596 1667 aliam

143 1707 301 1774 sciat
332 1729 473 1773 esse
505 1729 730 1773 curam
762 1708 1041 1773 surculis
1072 1707 1508 1793 explorandis,
1545 1729 1747 1793 quam
1780 1728 1948 1793 quae
1979 1707 2217 1773 tradita
2248 1721 2347 1773 est
2380 1708 2597 1792 priore

144 1814 332 1893 libro,
371 1835 527 1879 cum
562 1813 644 1880 de
680 1813 996 1880 malleolis
1029 1813 1345 1899 eligendis
1380 1813 1854 1899 praecepimus;
1893 1835 2061 1899 quos
2094 1813 2211 1878 ubi
2245 1835 2597 1899 generosos

142 1933 206 1984 et
251 1919 574 1986 fecundos
621 1934 686 1986 et
736 1942 936 2007 quam
984 1918 1459 1985 maturissimos
1507 1918 1630 1985 uiti
1678 1919 2047 1998 detraxerit,
2099 1918 2277 1984 diem
2326 1941 2593 2006 quoque

141 2026 445 2113 tepidum
480 2026 913 2112 silentemque
951 2048 988 2091 a
1023 2026 1240 2091 uentis
1276 2025 1488 2110 eligat.
1584 2027 1627 2088 6
1666 2039 1812 2091 tum
1849 2025 2216 2091 consideret
2254 2026 2594 2091 surculum

40 2160 97 2209 35
142 2145 415 2199 teretem
463 2133 787 2219 solidique
835 2132 1127 2218 corporis
1175 2153 1296 2197 nec
1343 2131 1660 2218 fungosae
1709 2131 2053 2210 medullae,
2105 2132 2350 2197 crebris
2397 2133 2595 2198 etiam

139 2238 419 2324 gemmis
459 2253 525 2306 et
564 2238 876 2305 brevibus
916 2238 1321 2305 internodiis,
1367 2260 1521 2303 nam
1563 2237 1927 2324 plurimum
1966 2238 2235 2304 interest
2277 2260 2412 2304 non
2452 2261 2593 2304 esse

138 2345 414 2431 longum
442 2358 867 2423 sarmentum,
901 2345 1082 2431 quod
1112 2345 1453 2424 inseratur,
1485 2358 1550 2410 et
1581 2366 1806 2410 rursus
1835 2344 2043 2429 pluris
2071 2344 2317 2423 ocuIOS,
2352 2345 2597 2431 quibus

137 2452 519 2537 egerminet,
561 2452 793 2517 inesse.
838 2451 1057 2537 itaque
1097 2451 1151 2516 si
1191 2465 1346 2517 sunt
1386 2452 1581 2535 longa
1619 2450 2006 2530 internodia,
2049 2472 2312 2516 necesse
2352 2451 2473 2517 erit
2513 2452 2597 2517 ad

135 2579 343 2624 unam
377 2558 486 2624 uel
520 2580 860 2623 summum
896 2558 1060 2623 duas
1094 2580 1387 2644 gemmas
1422 2557 1709 2623 recidere
1746 2557 2105 2636 surculum,
2145 2578 2227 2623 ne
2264 2558 2595 2642 procerio-

35 2693 94 2738 40
134 2687 278 2731 rem
307 2663 643 2743 faciamus,
677 2686 878 2751 quam
905 2678 981 2731 ut
1007 2664 1414 2749 tempestatis
1441 2677 1678 2729 uentos
1705 2677 1770 2729 et
1798 2663 2043 2728 imbres
2071 2663 2431 2728 immobilis
2459 2665 2597 2749 pati

131 2770 365 2857 possit.

219 2896 264 2958 7
314 2878 631 2943 Inseritur
671 2891 891 2943 autem
931 2876 1087 2941 uitis
1126 2876 1234 2942 uel
1274 2877 1478 2943 recisa
1515 2877 1624 2942 uel
1664 2877 1914 2962 integra
1953 2875 2279 2961 perforata
2318 2876 2594 2956 terebra,

132 2984 252 3050 sed
285 2984 396 3049 illa
425 2983 833 3071 frequentior
863 2997 928 3049 et
960 3005 1166 3068 paene
1198 2983 1509 3048 omnibus
1541 2983 1838 3069 agricolis
1870 2983 2131 3068 cognita
2161 2983 2402 3062 insiti0,
2437 2982 2598 3048 haec

133 3091 344 3156 rarior
385 3104 452 3157 et
496 3090 723 3177 paucis
757 3104 1089 3176 usurpata.
1129 3090 1212 3156 de
1248 3111 1322 3155 ea
1358 3090 1555 3175 igitur
1591 3089 1774 3174 prius
1810 3089 2144 3168 disseram,
2185 3111 2351 3175 quae
2387 3089 2596 3175 magis

29 3225 85 3273 45
130 3197 199 3263 in
230 3196 715 3263 consuetudine
744 3210 862 3263 est.

129 3500 245 3564 De
274 3497 660 3564 inserenda
684 3497 836 3564 uite

223 3679 268 3740 8
316 3676 655 3743 Reciditur
689 3675 845 3742 uitis
879 3677 1270 3763 plerumque
1304 3699 1503 3763 supra
1537 3690 1798 3755 terram,
1836 3697 2341 3762 nonnumquam
2373 3690 2596 3741 tamen

131 3798 198 3850 et
226 3782 422 3862 infra,
454 3805 588 3870 quo
617 3783 763 3849 loco
792 3784 1072 3849 maxime
1101 3784 1310 3849 solida
1336 3797 1434 3849 est
1460 3797 1659 3870 atque
1688 3783 1937 3849 enodis.
1969 3804 2124 3848 cum
2153 3783 2332 3848 iuxta
2358 3795 2598 3847 terram

132 3891 337 3956 insita
379 3904 497 3970 est,
544 3890 849 3956 surculus
893 3890 1280 3956 adobruitur
1324 3891 1664 3956 cacumine
1709 3904 1923 3969 tenus;
1971 3903 2036 3955 at
2081 3911 2235 3955 curn
2281 3888 2516 3954 editior
2561 3910 2598 3953 a

136 4156 303 4208 ricori
344 4155 405 4207 8¹
444 4156 608 4221 rigori
647 4154 763 4207 S’A
795 4182 834 4192 -
870 4171 935 4219 23
962 4165 1085 4207 ante
1109 4155 1261 4219 quod
1287 4155 1409 4207 add.
1439 4168 1664 4219 propter
1686 4156 1739 4207 A
1773 4181 1812 4191 -
1846 4166 1900 4206 et
1924 4172 2053 4206 cum
2077 4154 2116 4206 S
2140 4171 2271 4206 cum
2295 4153 2369 4204 eti
2392 4152 2445 4204 A
2467 4170 2599 4205 cum

136 4257 189 4296 et
210 4244 453 4311 Ιιλσεῐ]
488 4272 526 4281 -
561 4245 708 4296 otius
728 4244 820 4296 SA
852 4271 891 4281 -
924 4245 1046 4297 uitii
1066 4244 1157 4296 SA
1191 4271 1229 4280 -
1265 4260 1329 4308 25
1353 4262 1570 4308 gemma
1589 4262 1647 4296 se
1667 4244 1706 4296 S
1726 4261 1969 4307 gemmas
1989 4244 2092 4295 AR
2126 4270 2165 4280 ·-
2201 4256 2267 4306 27
2289 4242 2596 4306 permiserit

135 4333 230 4386 SA
280 4334 658 4398 permiscerim
699 4331 724 4397 j
760 4360 798 4369 -
835 4350 895 4397 31
949 4335 1056 4386 isse
1103 4333 1165 4385 8ι
1199 4360 1238 4370 -
1275 4350 1343 4397 34
1389 4334 1670 4397 trepidum
1715 4333 1790 4385 A¹
1825 4360 1863 4370 -
1898 4334 2281 4396 silemtemque
2328 4331 2419 4383 SA
2452 4357 2491 4367 -
2527 4346 2591 4394 35

137 4422 409 4487 fungosae
429 4421 561 4488 Sjpc
585 4423 774 4487 iugose
794 4423 847 4474 A
869 4423 1094 4488 fugosae
1115 4421 1266 4475 hbtn
1288 4422 1538 4486 fugossae
1565 4438 1632 4473 m
1655 4422 1886 4486 frigosae
1909 4437 1948 4487 y
1982 4448 2021 4458 -
2058 4423 2124 4485 36
2148 4420 2450 4474 internodis
2472 4420 2525 4471 A
2559 4446 2597 4456 -

142 4525 210 4576 37
230 4522 295 4564 ut
314 4511 368 4563 R
399 4538 437 4547 —
473 4527 541 4575 39
559 4529 631 4564 ne
651 4551 664 4563 .
679 4550 720 4563 ..
741 4528 909 4575 quam
928 4529 1026 4564 om.
1048 4511 1183 4564 SAh
1215 4538 1254 4548 -
1287 4528 1359 4575 40
1378 4523 1430 4563 et
1449 4512 1653 4563 imbres
1671 4528 1768 4563 om.
1789 4511 1881 4563 SA
1914 4537 1953 4547 -
1988 4511 2298 4562 immobiles
2315 4508 2596 4574 SAhmpy

141 4627 180 4637 -
213 4617 288 4664 42
325 4601 589 4664 perfer-ata
621 4600 677 4652 A
708 4627 745 4637 -
780 4617 848 4664 43
884 4618 1054 4666 prene
1085 4602 1138 4653 A
1167 4627 1206 4637 -
1235 4601 1305 4664 46
1335 4611 1416 4664 pr.
1452 4598 1729 4665 sAhbtyc
1762 4627 1800 4636 -
1833 4601 1903 4664 48
1937 4600 2098 4652 nodis
2130 4598 2265 4651 SAh
2298 4625 2336 4634 -
2370 4614 2440 4661 49
2473 4615 2594 4650 sur-

146 4732 170 4778 Ῑ
194 4742 228 4746 -
250 4726 410 4774 153133]
