3109 5559
828 369 928 411 nm
976 367 1283 411 Rvsncat:
1329 367 1445 410 Lm.
1492 368 1531 410 11
1581 374 1626 406 c.
1672 371 1722 418 5·
1763 361 1797 406 6
2353 351 2436 421 65

185 527 616 590 decrescente
687 525 840 590 luna
910 527 1047 590 fieri
1115 527 1351 609 placet,
1420 546 1573 589 nam
1644 548 1724 589 ea
1794 547 1897 589 res
1946 526 2165 589 herbis
2213 525 2503 588 liberatz

185 635 455 715 segetis,
550 636 849 715 iugerum
910 648 1126 697 autem
1176 635 1530 708 desiderat,
1580 633 1759 715 quod
1806 634 2085 715 spissius
2131 645 2445 696 stercora·

185 752 307 814 tur,
384 741 586 804 uehes
654 753 969 822 quattuor
1027 755 1094 804 et
1149 742 1405 823 uiginti,
1465 741 1645 822 quod
1695 741 1917 814 rarius,
1967 739 2443 820 duodeuiginti.

185 847 537 911 disiectum
583 849 827 911 deinde
876 851 1174 930 protinus
1221 849 1449 933 fimumo
1493 849 1729 911 inarari
1776 859 1843 909 et
1885 847 2068 910 adrui
2111 848 2442 921 conuenit,

136 975 267 1034 5ne
338 954 502 1018 solis
572 955 778 1018 halitu
836 957 1011 1018 uires
1058 957 1317 1018 amittat
1363 967 1430 1018 et
1476 966 1547 1017 ut
1599 956 1930 1036 permixta
1977 954 2214 1016 humus
2261 974 2446 1036 prae-

186 1063 373 1125 dicto
421 1063 732 1126 alimento
782 1064 1186 1144 pinguescat.
1285 1064 1524 1144 itaque,
1575 1082 1724 1125 cum
1772 1063 1835 1123 in
1885 1081 2046 1142 agro
2088 1061 2445 1142 disponen-

187 1183 291 1231 tur
340 1171 560 1231 acerui
614 1171 944 1245 stercoriS,
996 1191 1127 1234 non
1172 1170 1374 1232 debet
1422 1171 1632 1231 maior
1678 1170 1915 1230 modus
1961 1189 2191 1230 eorum
2238 1168 2444 1229 dissu-

187 1277 351 1355 pari,
402 1296 600 1357 quam
649 1297 842 1357 quem
893 1277 1155 1340 bubulci
1205 1276 1444 1338 eodem
1493 1276 1601 1339 die
1650 1275 1909 1356 possint
1956 1275 2253 1338 obruere.

371 1381 704 1463 Quoniam
772 1386 1051 1447 sementi
1120 1396 1358 1448 terram
1408 1384 1758 1445 docuimus
1807 1402 2220 1464 praeparare,
2271 1379 2508 1445 nuncss
2552 1404 2625 1451 ne
2662 1405 2818 1451 somi-

107 1491 515 1554 1oseminum
579 1512 824 1572 genera
894 1512 1380 1573 persequamur.
1475 1491 1687 1572 prima
1755 1500 1823 1552 et
1892 1488 2234 1552 utilissima
2290 1502 2443 1551 sunt
2550 1505 2675 1542 nm
2713 1506 2873 1565 sete,-

184 1596 573 1660 hominibus
642 1598 967 1661 frumenta
1034 1600 1319 1661 triticum
1398 1610 1467 1661 et
1534 1618 1762 1660 semen
1813 1596 2154 1659 adoreum.
2247 1596 2442 1658 tritici
2551 1584 2701 1631 ‘¹¹³⁸'
2827 1570 2844 1591 ‘

187 1723 438 1783 genera
485 1704 802 1788 conplura
849 1707 1301 1787 cognouimuS,
1373 1725 1600 1768 uerum
1649 1725 1736 1766 ex
1783 1705 1862 1766 iis
1910 1704 2197 1765 maxime
2229 1723 2442 1765 seren·

185 1810 347 1872 dum
396 1822 518 1883 est,
569 1814 749 1894 quod
796 1814 998 1876 robus
1038 1814 1295 1887 dicitur,
1341 1814 1658 1894 quoniam
1700 1823 1767 1874 et
1800 1811 2099 1892 pondere
2130 1821 2198 1873 et
2231 1812 2442 1872 nitore

187 1929 505 1998 praestat.
599 1919 892 1982 secunda
960 1921 1256 1983 conditio
1326 1933 1429 1982 est
1504 1919 1817 1980 habenda
1888 1916 2185 1998 siliginis,
2259 1918 2501 1979 cuius2

104 2026 452 2104 15species
508 2027 571 2087 in
629 2046 801 2107 pane
849 2027 1203 2107 praecipua
1251 2028 1545 2107 pondere
1593 2024 1915 2087 deficitur.
2012 2025 2272 2085 tertium
2322 2026 2443 2085 erit

183 2133 582 2207 trimenstre,
616 2135 799 2195 cuius
831 2154 988 2196 usus
1021 2131 1327 2215 agricolis
1359 2133 1789 2213 gratissimus,
1842 2151 1991 2193 nam
2027 2131 2138 2193 ubi
2173 2142 2445 2212 propter

182 2258 397 2319 aquas
446 2238 725 2303 aliamue
773 2261 1039 2303 causam
1088 2251 1343 2302 matura
1387 2241 1561 2303 satio
1608 2248 1710 2300 est
1741 2239 2007 2309 omissa,
2044 2238 2440 2318 praesidium

180 2346 268 2406 ab
339 2346 469 2407 hoc
536 2348 801 2426 petitur3
860 2348 927 2410 id
974 2368 1171 2429 porro
1218 2367 1429 2428 genus
1476 2356 1579 2408 est
1623 2343 1917 2425 siliginis,
2007 2344 2294 2425 reliquae
2340 2345 2442 2407 tri·

178 2453 295 2514 tici
346 2453 629 2533 species»,
679 2455 799 2517 nisi
849 2456 903 2517 si
952 2475 1120 2536 quos
1169 2452 1515 2534 multiplex
1562 2452 1844 2514 uarietas
1892 2450 2150 2532 frugum
2199 2461 2266 2513 et
2314 2453 2442 2513 ina-

88 2560 285 2623 20nis
360 2558 648 2623 delectat
717 2562 945 2641 gloria,
994 2581 1447 2642 superuacuae
1492 2570 1666 2622 sunt.
1764 2559 1989 2620 adorei
2038 2569 2257 2620 autem
2309 2557 2442 2638 ple·
2469 2576 2502 2639 3

179 2686 465 2747 rumque
512 2668 815 2732 uidemus
863 2670 929 2732 in
976 2689 1099 2731 usu
1148 2688 1393 2749 genera
1439 2679 1783 2749 quattuor:
1835 2665 1949 2741 far,
1999 2667 2178 2747 quod
2224 2665 2420 2747 appel

183 2772 361 2836 latur
429 2772 787 2852 Clusinum,
859 2777 1124 2839 candidi
1196 2778 1329 2837 oris
1397 2788 1465 2837 et
1515 2774 1724 2848 nitidi,
1775 2772 1889 2846 sar,
1940 2772 2120 2853 quod
2170 2784 2445 2834 uocatur

182 2881 650 2955 uennuculum,
715 2882 972 2945 rutilum
1032 2894 1232 2963 atque
1281 2882 1553 2945 alterum
1603 2879 1981 2953 candidum,
2032 2880 2151 2941 sed
2202 2891 2443 2942 utrum·

371 3090 401 3125 2
442 3083 649 3139 tegetes
687 3081 729 3125 Β
765 3077 961 3142 aliquot
1113 3088 1142 3137 3
1181 3084 1407 3142 quatuor
1442 3075 1527 3122 uel
1565 3075 1652 3122 1111
1690 3080 1732 3124 Β
1770 3074 1966 3135 aliquot
2108 3074 2246 3139 quad
2283 3071 2335 3131 (o
2373 3090 2441 3123 ss.

180 3184 257 3216 m.
287 3164 401 3221 alt.)
439 3169 475 3215 S
639 3180 672 3226 4
712 3167 864 3214 obrui
900 3168 987 3215 klt
1035 3168 1088 3213 in
1138 3181 1310 3229 marg.
1348 3167 1383 3213 d
1554 3175 1582 3226 5
1625 3163 1786 3213 halitu
1825 3165 1930 3222 Sap
1977 3163 2156 3212 habitu
2195 3165 2278 3212 ΑΒ

184 3270 213 3317 7
258 3257 521 3318 dissupari
560 3259 633 3306 SA
673 3256 914 3317 dissipari
952 3261 994 3305 Β
1032 3256 1226 3317 dispari
1265 3270 1301 3304 a
1445 3253 1476 3301 8
1516 3253 1688 3315 posuit
1725 3255 1766 3302 A

370 3346 457 3395 VI.
532 3346 986 3406 Quemadmodum
1043 3346 1109 3393 ad
1166 3351 1453 3394 sementem
1494 3343 1756 3391 frumenta
1794 3342 1897 3390 sint
1934 3342 2174 3403 eligenda
2212 3341 2327 3405 cap.
2368 3341 2439 3389 Xl

181 3437 327 3484 rubr.
369 3452 422 3485 ιι
468 3436 590 3496 Quo
630 3444 783 3497 pacto
822 3435 1082 3497 eliguntur
1119 3435 1317 3483 nemina
1355 3434 1421 3481 ad
1458 3433 1762 3481 serendum.
1839 3431 2131 3493 Capitulum
2172 3431 2264 3478 VII
2304 3431 2441 3478 rubr.

180 3531 201 3577 1
258 3528 339 3575 De
386 3526 641 3575 seminum
679 3525 959 3587 generibus
999 3524 1135 3572 rubr.
1174 3537 1248 3584 sq
1285 3518 1425 3584 (add.
1467 3522 1526 3570 C.
1567 3521 1725 3576 vnn)
1764 3526 1859 3568 atr.
1900 3524 1927 3569 t
1967 3522 2021 3568 in
2062 3536 2233 3583 marg.
2272 3522 2307 3568 d
2346 3518 2440 3577 (tie.

174 3622 300 3681 post
336 3614 565 3664 obruere
603 3616 754 3662 inser.
781 3617 824 3673 t,
856 3619 973 3677 post
1006 3628 1291 3675 preparare
1315 3627 1406 3672 gq.
1428 3616 1546 3674 post
1569 3626 1951 3676 persequamur
1975 3609 2105 3667 dlm)
2280 3622 2312 3669 9
2340 3609 2444 3675 quo

180 3709 261 3756 SA
298 3720 458 3771 quom
497 3704 577 3752 uel
612 3719 730 3751 cum
768 3708 810 3752 Β
970 3714 1034 3750 10
1070 3704 1303 3751 uliaaima
1340 3701 1401 3757 (ti
1436 3717 1478 3748 s.
1517 3717 1549 3747 u
1587 3716 1684 3746 scr.
1723 3716 1775 3745 m
1831 3702 1949 3757 καί)
1973 3701 2014 3748 A
2163 3711 2225 3747 12
2265 3701 2442 3760 apium

181 3798 225 3845 A
265 3794 487 3855 nuptura
523 3796 557 3842 S
603 3793 874 3854 complura
912 3797 953 3842 Β
1112 3791 1176 3840 ii·
1213 3793 1281 3850 Sp
1329 3791 1410 3839 hia
1448 3792 1532 3839 ΑΒ
1720 3799 1781 3849 13
1822 3790 1984 3837 rubus
2022 3793 2064 3837 Β
2103 3789 2304 3849 aliquot

181 3884 275 3950 qffi
312 3879 409 3932 811²
463 3882 567 3948 quo
603 3884 644 3931 A
692 3897 850 3946 quom
890 3882 973 3928 uel
1006 3896 1120 3929 cum
1160 3885 1204 3930 Β
1426 3893 1489 3940 ¹5
1527 3878 1778 3940 precipue
1814 3878 1894 3924 uel
1928 3893 1984 3925 ·o
2023 3879 2068 3926 Β
2106 3879 2301 3939 aliquot

188 3974 253 4022 16
275 3973 540 4021 trimestre
565 3974 652 4020 AB
785 3978 1001 4033 propter
1019 3985 1184 4035 aqua·
1202 3961 1315 4018 801²!
1336 3977 1617 4029 propterea
1637 3983 1767 4031 quas
1787 3969 1872 4016 ΔΒ
1890 3974 2107 4028 propter
2122 3982 2251 4031 quas
2271 3981 2298 4015 s

192 4061 255 4111 18
304 4075 473 4123 porro
509 4076 611 4106 om.
650 4062 735 4108 ΑΒ
851 4071 910 4120 ι9
950 4059 993 4108 ai
1031 4074 1136 4107 om.
1174 4063 1218 4108 Β
1263 4058 1459 4119 aliquot
1568 4069 1635 4104 20
1673 4058 1961 4122 plerunque
1987 4060 2030 4106 Β
2129 4068 2186 4103 21
2219 4064 2442 4120 quatuor

183 4152 269 4198 uel
314 4149 386 4197 IV
424 4153 468 4198 Β
503 4149 697 4210 aliquot
840 4161 906 4196 22
945 4147 1149 4197 candidi
1186 4149 1297 4197 oria
1334 4154 1386 4195 et
1423 4146 1570 4194 nitidi
1605 4145 1841 4193 distinxi:
1882 4145 2195 4193 candidioris
2222 4154 2273 4192 et
2299 4145 2440 4193 nitidi

181 4244 264 4291 SR
312 4239 614 4287 candidoris
660 4237 696 4295 (i
733 4255 775 4286 s·
816 4253 847 4285 o
887 4253 956 4284 m.
1002 4236 1121 4292 καί.)
1163 4244 1217 4286 et
1259 4236 1402 4284 nitidi
1439 4238 1478 4284 A
1626 4242 1846 4283 uocatur
1881 4232 2029 4283 sna
2066 4234 2356 4295 appellatur
2399 4239 2441 4283 Β

378 4338 445 4388 23
483 4328 792 4375 uenuculum
832 4327 913 4374 uel
947 4325 1261 4374 uznssculum
1289 4330 1331 4374 Β
1439 4324 1607 4374 alter'fl
1646 4326 1718 4372 Sa.
1756 4327 1887 4372 alter
1924 4325 2006 4372 ΑΒ
2115 4332 2373 4386 utrunque
2400 4327 2442 4371 Β
