3109 5559
952 185 1065 231 REI
1098 184 1420 231 Rvs‘ncmz
1452 184 1582 231 LIB.
1616 185 1693 229 1x
1724 184 1780 230 c.
1816 168 1853 230 8
2454 167 2534 248 89

277 347 655 410 aestimabis
701 347 1082 409 distantiam
1126 347 1267 409 loci.
1317 347 1429 409 sed
1476 353 1625 408 cum
1672 346 2202 408 animaduerteris
2248 346 2534 408 celeriter
2553 354 2594 417 9

277 454 629 526 redeuntis,
686 473 817 516 non
887 473 1070 533 aegre
1139 473 1523 534 persequens
1578 453 1701 514 iter
1754 453 2120 515 uolantium
2176 453 2261 514 ad
2315 454 2532 515 sedem

277 560 648 641 perduceris
674 560 1009 622 examinis

367 668 446 728 In
506 666 605 728 his
664 673 885 728 autem
945 686 1110 746 quae
1169 666 1417 746 longius
1476 685 1689 727 meare
1747 666 2161 738 uidebuntur,
2222 666 2536 728 sollertior

218 791 254 839 5
277 772 697 836 adhibebitur
733 792 906 845 cura,
946 792 1112 852 quae
1151 773 1300 834 talis
1337 779 1455 834 est:
1498 772 1874 834 harundinis
1911 772 2345 834 internodium
2383 791 2532 833 cum

275 880 415 942 suis
450 879 733 941 articulis
765 879 1102 950 exciditur,
1133 885 1198 941 et
1239 879 1603 941 terebratur
1635 880 1720 941 ab
1753 880 1951 940 latere
1984 880 2175 950 talea,
2212 898 2326 958 per
2359 878 2535 958 quod

278 987 573 1047 foramen
634 986 864 1066 exiguo
925 987 1109 1047 melle
1171 986 1275 1047 uel
1336 985 1593 1047 defmto
1652 985 1966 1047 instillato
2027 984 2290 1064 ponitur
2348 985 2536 1046 iuxta

276 1093 551 1155 fontem.
581 1092 809 1154 deinde
833 1111 982 1154 cum
1007 1092 1092 1153 ad
1116 1092 1377 1154 odorem
1403 1091 1606 1153 dulcis
1631 1091 1997 1171 liquaminis
2021 1092 2356 1171 conplures
2382 1110 2535 1171 apes

275 1200 707 1279 inrepserunt,
736 1199 987 1261 tollitur
1013 1200 1183 1260 talea
1209 1204 1275 1260 et
1304 1198 1587 1278 inposito
1615 1198 1911 1260 foramini
1939 1198 2164 1278 pollice
2191 1217 2321 1259 non
2350 1197 2535 1259 emit-

189 1323 256 1358 10
278 1306 449 1368 titur
515 1305 637 1367 nisi
702 1324 853 1377 una,
911 1324 1076 1385 quae
1130 1324 1280 1366 cum
1333 1304 1561 1377 euasit,
1618 1304 1838 1385 fugam
1894 1323 2078 1365 suam
2134 1304 2533 1366 demonstrat

279 1411 675 1483 obseruanti,
710 1419 907 1490 atque
937 1412 1012 1484 is,
1047 1411 1203 1472 dum
1234 1411 1498 1483 sufficit,
1532 1411 1937 1491 persequitur
1966 1412 2350 1472 euolantem.
2386 1429 2534 1472 cum
2557 1421 2637 1465 10

279 1518 515 1580 deinde
565 1517 924 1598 conspicere
975 1518 1241 1594 desi<i>t
1293 1536 1501 1597 apem,
1553 1524 1697 1579 tum
1747 1519 2017 1579 alteram
2064 1517 2330 1590 emittit,
2363 1523 2429 1578 et
2479 1516 2533 1578 si

277 1624 556 1687 eandem
579 1624 743 1704 petit
769 1624 927 1686 caeli
949 1632 1221 1704 partem,
1246 1624 1531 1703 uestigiis
1552 1624 1869 1704 prioribus
1891 1624 2198 1685 inhaeret.
2225 1624 2280 1685 si
2301 1623 2533 1695 minus,

280 1731 479 1792 aliam
523 1749 779 1810 quoque
823 1737 1021 1810 atque
1064 1731 1257 1792 aliam
1302 1730 1613 1792 foramine
1656 1730 1966 1810 adaperto
2009 1730 2259 1810 patitur
2299 1729 2532 1809 egredi,

194 1855 257 1903 15
281 1837 733 1917 regionemque
761 1843 949 1899 notat
978 1837 1044 1898 in
1073 1856 1271 1916 quam
1298 1838 1511 1916 plures
1538 1838 1847 1908 reuolent,
1877 1843 1945 1898 et
1972 1855 2081 1898 eas
2108 1836 2531 1916 persequitur,

280 1944 490 2005 donec
517 1943 603 2005 ad
627 1943 943 2005 latebram
970 1943 1360 2023 perducatur
1383 1943 1717 2005 examinis.
1748 1944 1924 2022 quod
1949 1942 2085 2004 siue
2110 1949 2208 2005 est
2240 1943 2538 2004 abditum

274 2069 501 2130 specu,
546 2049 727 2111 fumo
767 2049 1071 2122 elicietur,
1114 2056 1180 2111 et
1223 2069 1373 2111 cum
1413 2049 1626 2129 erupit
1668 2050 1830 2111 aeris
1869 2049 2145 2129 strepitu
2187 2055 2532 2110 coercetur.

282 2175 441 2217 nam
478 2156 704 2217 statim
741 2175 898 2218 sono
937 2156 1235 2218 territum
1271 2156 1377 2217 'uel
1411 2156 1479 2217 in
1519 2156 1750 2217 frutice
1786 2156 1890 2217 uel
1927 2156 1993 2217 in
2032 2155 2298 2217 editiore
2336 2156 2538 2217 siluae

282 2262 514 2324 fronde
542 2262 838 2335 considit,
857 2269 925 2324 et
953 2282 995 2324 a
1020 2262 1411 2342 uestigatore
1439 2268 1824 2342 praeparato
1848 2281 2005 2324 uaso
2024 2262 2409 2324 reconditur.
2440 2261 2539 2323 sin
2562 2274 2592 2317 1
2605 2274 2636 2317 1

197 2387 265 2422 20
285 2375 511 2430 autem
554 2369 770 2431 sedem
811 2369 1008 2430 habet
1051 2369 1295 2430 arboris
1335 2388 1553 2441 cauae,
1598 2375 1662 2431 et
1706 2375 1820 2430 aut
1862 2374 2045 2430 extat
2089 2388 2306 2430 ramus
2344 2388 2539 2448 quem

293 2499 339 2508 ‚—

356 2600 517 2650 4-90:
539 2600 570 2649 7
602 2585 813 2637 Pallad-
847 2598 899 2648 5.
921 2600 978 2650 7»
1009 2598 1117 2648 3-5

363 2779 387 2815 1
422 2765 726 2816 extimabis
753 2771 960 2821 mvn
989 2765 1341 2817 existimabis
1369 2773 1486 2815 ooer
1663 2765 1940 2815 distantia
1967 2772 2084 2835 onY
2117 2766 2242 2828 (exc.
2275 2760 2356 2828 ut)

283 2854 601 2905 aduerteris
629 2849 716 2924 dY
749 2854 877 2916 (exc.
909 2849 953 2917 t)
992 2897 997 2902 .
1136 2859 1255 2918 post
1284 2855 1754 2905 animaduerteris
1783 2854 1905 2905 add.
1939 2855 2215 2904 distantia
2244 2855 2349 2903 loci
2379 2862 2417 2904 ι

286 2956 317 2992 2
350 2943 703 3008 persequeris
732 2937 819 2992 88.
996 2942 1337 2993 uiolantium
1367 2938 1392 2991 t
1570 2957 1602 3005 3
1634 2943 1912 2993 exanimis
1940 2951 1978 2993 a
2006 2957 2079 2992 an
2103 2943 2378 2994 examinis
2400 2950 2544 3012 ssqnx

359 3046 390 3094 5
423 3032 577 3094 cura]
628 3033 773 3082 citra
800 3025 853 3081 A
1068 3032 1102 3079 6
1131 3032 1206 3082 ab
1258 3032 1349 3094 (ad
1379 3040 1417 3082 a
1444 3046 1482 3081 a
1509 3028 1567 3096 k)
1621 3033 1795 3081 latere
1843 3032 2040 3094 (latera
2068 3030 2117 3094 ο)
2150 3033 2303 3082 talea
2331 3027 2383 3081 R
2412 3032 2543 3083 alua

291 3120 443 3182 (alba
470 3116 548 3184 8¹)
583 3124 732 3170 teret
762 3121 886 3170 alea
920 3120 1055 3182 (alia
1082 3116 1136 3182 8)
1170 3115 1256 3170 SA
1474 3135 1505 3184 7
1536 3119 1795 3171 defructo
1822 3115 1985 3177 Bovtn
2014 3120 2206 3171 defriti
2235 3116 2344 3171 8A⁸
2374 3121 2540 3171 defri-

285 3210 395 3258 tim
425 3204 499 3257 A1
657 3209 982 3272 instil(l)ate
1013 3203 1116 3258 (nb
1144 3210 1346 3259 sallato
1374 3204 1449 3260 A¹
1612 3208 1644 3258 8
1674 3214 1907 3274 pontem
1936 3204 2047 3259 8¹A
2206 3224 2241 3270 9
2270 3210 2540 3274 insperse-

285 3302 422 3347 runt
452 3292 538 3347 SA
777 3298 1038 3363 apposito
1066 3293 1118 3347 R
1352 3299 1552 3362 pollice
1579 3335 1592 3348 .
1621 3335 1633 3348 .
1665 3336 1677 3347 .
1709 3311 1872 3348 suam
1903 3313 2004 3348 om.
2036 3293 2111 3346 A1
2349 3313 2408 3349 11
2444 3299 2544 3348 ob·

287 3387 500 3437 seruari
528 3380 796 3455 udaqux¹b
1007 3400 1137 3436 cum
1169 3402 1271 3437 om.
1302 3381 1388 3436 SA
1588 3400 1651 3436 12
1683 3387 2001 3451 conspicere
2032 3399 2136 3438 om.
2175 3382 2199 3435 t
2376 3389 2544 3439 desiit

286 3475 368 3525 ed.
400 3480 516 3540 pn:
564 3476 711 3525 desit
758 3470 810 3524 R
847 3477 1029 3540 possit
1059 3470 1146 3525 BA
1179 3476 1253 3538 (u.
1286 3476 1416 3526 Hss,
1450 3481 1505 3540 p.
1539 3476 1630 3538 35)
1851 3489 2015 3539 apem
2046 3480 2172 3525 tum
2201 3472 2253 3526 R
2281 3482 2542 3541 apertum

286 3558 372 3613 SA
551 3564 730 3615 altera
759 3559 811 3612 A
1028 3577 1091 3625 13
1123 3565 1273 3629 petit
1301 3560 1353 3614 R
1381 3566 1531 3630 cepit
1561 3560 1648 3615 BA
1676 3565 1893 3614 emittit
1922 3566 2071 3629 petit
2099 3559 2156 3615 ⁸1
2346 3566 2542 3616 eadem

286 3646 338 3703 R
367 3652 578 3717 aliquot
790 3654 991 3717 prioris
1022 3659 1072 3722 Y
1284 3658 1410 3704 ante
1457 3654 1505 3703 si
1549 3654 1671 3703 add.
1704 3657 1763 3701 et
1794 3661 1844 3724 Y
2062 3667 2125 3716 14
2157 3657 2331 3718 atque
2373 3655 2542 3704 aliam

291 3756 392 3792 om.
423 3739 460 3792 ⁸
675 3743 968 3804 foramine]
1020 3743 1265 3792 formam
1294 3742 1448 3792 ineat
1476 3751 1512 3799 n
1734 3756 1795 3804 15
1828 3746 1990 3791 notet
2019 3738 2071 3792 R
2099 3747 2266 3792 notat
2294 3752 2330 3800 n

289 3834 350 3878 et
380 3846 482 3880 om.
515 3825 601 3880 SA
821 3831 888 3881 16
915 3831 1067 3895 quod
1098 3825 1184 3880 SA
1212 3844 1326 3895 quo
1355 3826 1407 3880 R
1613 3845 1677 3894 17
1707 3831 1930 3881 elicitur
1958 3826 2032 3879 A¹
2210 3832 2543 3883 cohercetur

288 3912 340 3969 R
370 3918 573 3983 aliquot
795 3920 859 3969 18
888 3921 1090 3969 statim
1139 3935 1240 3970 om.
1272 3928 1308 3976 n
1525 3920 1763 3971 fructice
1791 3915 1843 3969 R
1872 3919 2074 3984 aliquot
2223 3911 2229 3920 ’
2281 3921 2538 3982 editiore]

292 4008 566 4060 mediocre
610 4007 740 4077 quxl
961 4022 1026 4068 19
1055 4009 1310 4060 consedit
1351 4004 1403 4057 A
1444 4009 1701 4060 considet
1729 4004 1781 4058 R
1809 4009 2067 4060 concidet
2096 4003 2327 4077 αῑαᾳιιιῑ

292 4109 326 4143 a
356 4111 458 4147 om.
490 4097 622 4166 qux²
838 4111 972 4147 uase
1000 4093 1052 4147 B
1267 4110 1335 4145 20
1364 4102 1523 4147 extet
1554 4105 1605 4168 Y
1639 4098 1764 4161 (exc.
1797 4092 1839 4160 t)
