3109 5559
888 377 988 419 κει
1036 376 1343 421 κνετιςΑε
1391 378 1506 421 Lm.
1555 380 1595 421 11
1642 385 1685 416 e.
1731 383 1795 417 ιο
2396 366 2478 438 83

204 549 499 617 utraque
545 537 717 598 satio
766 546 990 617 potest
1035 537 1238 599 cruda
1287 546 1459 599 terra
1504 537 1664 612 fieri,
1707 539 1827 601 sed
1861 539 2097 601 melius
2127 542 2479 621 proscissa,

206 644 419 724 idque
494 662 705 724 genus
760 644 1115 725 praecipue
1161 664 1292 705 non
1343 656 1523 707 amat
1569 664 1771 721 rores,
1820 665 1968 708 cum
2017 648 2268 712 seritur.
2362 650 2482 712 ita·
2502 667 2590 731 30

204 771 341 831 que
418 763 578 831 post
646 751 1008 813 secundam
1080 752 1212 813 diei
1282 751 1512 814 horam
1571 753 1675 815 uel
1726 754 1987 816 tertiam
2032 758 2480 837 spargendum

205 869 333 934 est,
386 878 543 920 cum
590 860 720 921 iam
768 858 985 919 omnis
1031 878 1219 920 umor
1264 859 1405 922 sole
1450 871 1738 922 uentoue
1778 861 2080 923 detersus
2111 875 2232 939 est,
2266 884 2480 946 neque

157 965 506 1046 5amplius
553 966 761 1045 proici
808 965 1032 1041 debet,
1082 986 1281 1046 quam
1327 968 1508 1047 quod
1557 968 1796 1030 eodem
1829 969 1939 1031 die
1972 970 2185 1050 possit
2208 972 2476 1051 operiri:

207 1092 367 1134 nam
442 1073 502 1133 si
573 1092 709 1133 nox
764 1074 1052 1149 incessit,
1103 1072 1709 1156 quantulocumque
1756 1095 2004 1151 umore,
2055 1078 2234 1156 prius
2280 1097 2476 1160 quam

206 1182 557 1255 obruatur,
606 1182 1064 1262 corrumpitur.
1159 1182 1649 1244 obseruandum
1700 1183 1841 1259 erit,
1877 1202 1961 1245 ne
1994 1195 2149 1245 ante
2181 1186 2479 1266 quintam

206 1300 275 1349 et
348 1289 735 1350 uicesimam
809 1288 1028 1350 lunam
1100 1299 1312 1351 terrae
1385 1289 1758 1365 mandetur;
1832 1290 2019 1353 aliter
2080 1301 2268 1353 satae
2343 1292 2478 1355 fere

208 1395 521 1457 limacem
572 1414 811 1457 nocere
858 1396 1296 1476 conperimus,

132 1531 188 1562 ιο
394 1502 825 1582 Farraginem
898 1502 962 1564 in
1034 1502 1309 1565 restibili
1355 1505 1909 1566 stercoratissimo
1957 1504 2107 1567 loco
2153 1517 2224 1568 et
2270 1505 2477 1568 altero
2501 1524 2574 1586 31

208 1608 401 1670 sulco
449 1628 670 1671 serere
716 1610 1048 1672 conuenit.
1128 1630 1209 1671 ea
1249 1609 1323 1672 fit
1353 1611 1628 1691 optima,
1664 1630 1812 1673 cum
1846 1612 2211 1674 cantherini
2246 1613 2477 1676 hordei

208 1717 450 1777 decem
502 1717 741 1778 modiis
786 1716 1086 1797 iugerum
1133 1718 1464 1780 obseritur
1494 1719 1669 1780 circa
1703 1719 2194 1800 aequinoctium
2227 1731 2476 1783 autum⁶

212 1823 383 1898 nale,
435 1823 555 1885 sed
604 1823 1120 1904 inpendentibus
1169 1824 1426 1906 pluuiiS,
1477 1836 1549 1888 ut
1596 1826 1852 1889 consita
1883 1828 2228 1908 rigataque
2260 1828 2476 1891 imbri·

210 1931 336 1992 bus
381 1929 685 1993 celeriter
732 1932 1015 2012 prodeat
1060 1942 1128 1994 et
1159 1932 1583 1995 confirmetur
1614 1944 1768 1995 ante
1802 1934 2037 1996 hiemis
2070 1933 2471 1997 uiolentiam.

32 2028 35 2051 s
137 2057 365 2109 usnam
421 2036 775 2119 frigoribus
821 2058 971 2101 cum
1019 2038 1146 2102 alia
1194 2038 1439 2119 pabula
1487 2039 1894 2115 defecerunt,
1943 2060 2022 2102 ea
2055 2040 2272 2103 bubus
2302 2052 2473 2104 cete-

211 2145 437 2225 risque
487 2145 856 2225 pecudibus
902 2147 1155 2226 optime
1200 2147 1470 2209 desecta
1519 2147 1889 2227 praebetur,
1924 2158 1992 2209 et
2023 2149 2075 2209 si
2111 2148 2474 2228 depascere

212 2253 482 2333 saepius
548 2251 750 2327 uoles,
814 2273 1021 2333 usque
1082 2254 1145 2315 in
1196 2272 1490 2316 mensem
1542 2253 1789 2316 Maium
1836 2253 2096 2319 sufficit.
2191 2257 2369 2337 quod
2418 2257 2578 2337 si32

211 2360 413 2421 etiam
487 2379 713 2421 semen
788 2357 974 2421 uoles
1039 2379 1127 2422 ex
1197 2380 1276 2422 ea
1348 2361 1709 2441 percipere,
1760 2381 1799 2423 a
1847 2360 2171 2424 Kalendis
2219 2362 2473 2425 Martiis

212 2485 459 2545 pecora
529 2465 928 2547 depellenda
997 2479 1063 2530 et
1134 2466 1219 2529 ab
1284 2469 1462 2529 omni
1528 2488 1706 2530 noxa
1763 2467 2182 2530 defendenda
2228 2479 2350 2543 est,
2401 2481 2472 2532 ut

134 2574 295 2635 nosit
344 2573 585 2635 idonea
637 2572 949 2655 frugibus.
1013 2573 1244 2635 similis
1290 2575 1460 2636 ratio
1509 2594 1763 2637 auenae
1796 2587 1917 2651 est,
1951 2595 2122 2657 quae
2153 2589 2470 2638 autumno

211 2690 358 2742 sata
431 2681 670 2761 partim
728 2681 1027 2742 caeditur
1082 2682 1145 2742 in
1198 2680 1461 2743 faenum
1509 2681 1616 2744 uel
1665 2681 1999 2762 pabulum,
2048 2683 2204 2745 dum
2254 2684 2470 2747 adhuc

213 2787 398 2860 uiret,
450 2788 687 2869 partim
735 2788 970 2850 semini
1016 2788 1402 2851 custoditur.

390 2895 686 2956 Faenum
757 2893 1105 2967 Graecum,
1169 2896 1348 2978 quod
1395 2895 1699 2976 siliquam
1748 2907 1994 2960 uocant
2040 2898 2284 2970 rustici,
2335 2898 2469 2960 duo
2491 2916 2571 2979 33

216 3011 519 3082 tempora
588 3002 920 3064 sationum
988 3001 1210 3078 habet,
1260 3022 1537 3085 quorum
1587 3003 1860 3066 alterum
1910 3016 2010 3066 est
2058 3002 2472 3085 Septembris

398 3284 419 3317 ι
462 3277 604 3318 terre
637 3269 737 3328 (alt
798 3284 829 3317 e
868 3271 922 3317 in
962 3286 992 3318 a
1031 3275 1158 3318 mut.
1199 3286 1270 3319 m.
1309 3269 1417 3328 att.)
1452 3273 1487 3319 8
1668 3288 1699 3320 2
1736 3272 1850 3321 eius
1881 3279 2001 3336 post
2034 3288 2201 3335 genus
2239 3275 2388 3324 inser.
2423 3279 2466 3325 Β

216 3358 332 3407 (exc.
370 3353 459 3408 d's
498 3364 601 3406 aete
651 3354 788 3421 edd.)
931 3376 962 3420 4
1003 3360 1122 3408 solo
1158 3358 1266 3417 (alt.
1307 3376 1339 3408 o
1376 3368 1488 3424 exp.
1526 3365 1574 3408 et
1607 3377 1639 3409 e
1675 3378 1741 3409 ss.
1771 3378 1840 3409 m.
1870 3366 1983 3410 rec.)
2006 3364 2044 3411 A
2189 3365 2225 3411 6
2249 3371 2465 3429 quantu·

215 3447 426 3514 locunq5
454 3451 498 3497 Β
523 3464 624 3515 qua
648 3448 705 3497 ιῗι
731 3448 850 3497 locu
877 3464 980 3514 que
1003 3451 1039 3499 8
1063 3449 1261 3516 quantu
1291 3449 1444 3516 loc'i'iq
1491 3452 1542 3508 (n
1565 3457 1740 3514 postea
1765 3452 1897 3515 exp)
1921 3454 1959 3501 A
2105 3454 2139 3501 8
2165 3452 2463 3501 uicesimum

215 3540 261 3587 (c
300 3539 354 3585 in
392 3553 420 3597 c
459 3543 575 3586 mut
627 3555 699 3586 m.
740 3539 853 3591 alt.)
891 3543 925 3588 8
1106 3555 1141 3600 9
1179 3540 1530 3601 comperimus
1569 3542 1654 3590 ΔΒ
1837 3556 1901 3589 ιο
1938 3541 2185 3590 restibilis
2221 3542 2294 3591 SA

222 3639 277 3672 ιι
319 3628 465 3676 sulso
504 3628 579 3676 SA
750 3644 811 3676 ιο
852 3629 1034 3677 decem
1073 3632 1107 3677 8
1147 3628 1270 3677 ΧΒΦ
1307 3631 1348 3679 A
1388 3629 1437 3677 X
1476 3632 1519 3678 Β
1693 3644 1757 3691 13
1795 3630 2216 3691 impendentibus
2254 3635 2297 3680 Β

223 3726 284 3774 ¹5
318 3716 491 3765 bobus
528 3719 571 3765 Β
603 3716 828 3783 plerique
977 3731 1038 3779 ¹7
1078 3725 1264 3766 uolens
1301 3716 1355 3775 (n
1388 3722 1564 3781 postea
1600 3717 1732 3781 exp.)
1769 3720 1807 3767 A
1961 3721 2024 3767 18
2062 3717 2125 3768 kt
2162 3720 2274 3768 mir
2323 3724 2357 3769 8
2395 3708 2463 3770 1ιῖ

218 3803 408 3853 martiis
432 3807 473 3855 A
511 3805 574 3854 kt
608 3807 711 3863 (uel
746 3806 839 3864 kl.)
876 3807 1075 3855 martiis
1111 3806 1213 3864 (uel
1246 3806 1414 3855 martii
1452 3807 1536 3854 uel
1570 3806 1742 3865 mart.)
1772 3812 1815 3857 Β
1958 3822 2028 3856 so
2065 3809 2199 3857 ratio
2223 3811 2298 3858 ΒΔ
2325 3812 2461 3859 satio

220 3893 263 3938 Β
397 3905 481 3943 est
516 3896 591 3944 SA
627 3911 716 3942 om
772 3900 815 3945 Β
846 3899 967 3959 post
1000 3895 1135 3944 sntio
1173 3896 1269 3944 ins.
1311 3897 1348 3944 ὓ
1513 3911 1649 3961 quse
1687 3907 1943 3945 autumno
1980 3906 2093 3946 sats
2128 3899 2315 3959 partim
2345 3907 2462 3963 post

219 3987 297 4029 est
330 3997 429 4030 om.
468 3985 543 4033 SA
577 3984 692 4041 (sed
723 3987 778 4033 in
818 4000 978 4049 marg
1029 3984 1135 4033 cod.
1176 3987 1214 4034 Δ
1253 4000 1323 4032 m.
1364 3985 1452 4032 als.
1491 3984 1657 4033 adscr.
1697 4002 1798 4052 qus
1835 3996 2084 4035 autumno
2120 3997 2237 4036 sats
2272 3990 2459 4051 partim

219 4070 410 4119 ceditur
446 4073 497 4120 in
539 4084 709 4122 tenum
750 4075 833 4123 uel
872 4075 1118 4136 pabulum
1159 4073 1229 4122 ἀΰ
1267 4074 1437 4122 adhuc
1475 4084 1612 4123 neret
1646 4075 1833 4137 partim
1872 4077 2184 4135 custoditur)
2361 4094 2463 4145 que

222 4158 299 4206 uel
328 4158 363 4223 ἦ
395 4163 522 4210 kmt
555 4177 656 4227 qus
692 4167 735 4212 Β
879 4178 944 4212 at
987 4165 1180 4226 pabulo
1218 4179 1333 4212 cum
1373 4165 1411 4212 A
1584 4179 1652 4213 aa
1673 4181 1808 4231 quse
1845 4175 2093 4214 autumno
2130 4174 2244 4216 sats
2269 4169 2454 4229 partim

219 4244 416 4306 (parum
454 4252 511 4298 in
547 4266 651 4298 ras.
688 4252 745 4311 Β)
771 4256 894 4315 post
928 4252 1061 4302 uiret
1099 4256 1248 4302 incer.
1287 4255 1361 4303 SA
1579 4255 1766 4317 partim
1806 4254 1989 4303 semim
2028 4256 2319 4305 custoditur
2353 4272 2458 4306 om.

222 4324 344 4386 διαὶ
487 4351 557 4401 23
594 4341 778 4403 siliqua
815 4343 856 4391 A
1002 4357 1068 4403 ο,
1108 4357 1327 4409 quarum
1366 4339 1465 4393 ,ιιιιι
