<?xml version="1.0" encoding="UTF-8"?>
<!DOCTYPE html PUBLIC "-//W3C//DTD XHTML 1.0 Transitional//EN"
    "http://www.w3.org/TR/xhtml1/DTD/xhtml1-transitional.dtd">
<html xmlns="http://www.w3.org/1999/xhtml" xml:lang="en" lang="en">
 <head>
  <title>
</title>
<meta http-equiv="Content-Type" content="text/html;charset=utf-8" />
  <meta name='ocr-system' content='tesseract 3.04.00' />
  <meta name='ocr-capabilities' content='ocr_page ocr_carea ocr_par ocr_line ocrx_word'/>
</head>
<body>
  <div class='ocr_page' id='page_1' title='image "./operaquaeexstan00hedbgoog_0591.png"; bbox 0 0 3109 5559; ppageno 0'>
   <div class='ocr_carea' id='block_1_1' title="bbox 1490 266 2244 308">
    <p class='ocr_par' dir='ltr' id='par_1_1' title="bbox 1490 266 2244 308">
     <span class='ocr_line' id='line_1_1' title="bbox 1490 266 2244 308; baseline -0.008 0"><span class='ocrx_word' id='word_1_1' title='bbox 1490 267 1594 308; x_wconf 75' lang='lat' dir='ltr'>RE!</span> <span class='ocrx_word' id='word_1_2' title='bbox 1646 266 1965 308; x_wconf 80' lang='lat' dir='ltr'>RvsT1CAE</span> <span class='ocrx_word' id='word_1_3' title='bbox 2013 267 2134 307; x_wconf 65' lang='grc' dir='ltr'><strong><em>[ΑΒ.</em></strong></span> <span class='ocrx_word' id='word_1_4' title='bbox 2183 266 2244 308; x_wconf 86' lang='lat' dir='ltr'>X.</span> 
     </span>
    </p>
   </div>
   <div class='ocr_carea' id='block_1_2' title="bbox 710 427 2587 2644">
    <p class='ocr_par' dir='ltr' id='par_1_2' title="bbox 754 427 2474 713">
     <span class='ocr_line' id='line_1_2' title="bbox 755 427 2397 494; baseline -0.002 0"><span class='ocrx_word' id='word_1_5' title='bbox 755 432 901 494; x_wconf 92' lang='lat' dir='ltr'>Nos</span> <span class='ocrx_word' id='word_1_6' title='bbox 949 430 1227 493; x_wconf 89' lang='lat' dir='ltr'>fecunda</span> <span class='ocrx_word' id='word_1_7' title='bbox 1274 449 1506 491; x_wconf 88' lang='lat' dir='ltr'>manus</span> <span class='ocrx_word' id='word_1_8' title='bbox 1551 428 1753 492; x_wconf 93' lang='lat' dir='ltr'>uiduo</span> <span class='ocrx_word' id='word_1_9' title='bbox 1802 427 2204 492; x_wconf 45' lang='lat' dir='ltr'>mortalibus«</span> <span class='ocrx_word' id='word_1_10' title='bbox 2234 428 2397 491; x_wconf 91' lang='lat' dir='ltr'>orbe</span> 
     </span>
     <span class='ocr_line' id='line_1_3' title="bbox 754 529 2474 614; baseline -0.002 -19"><span class='ocrx_word' id='word_1_11' title='bbox 754 535 1181 614; x_wconf 80' lang='lat' dir='ltr'>Progenerat‚</span> <span class='ocrx_word' id='word_1_12' title='bbox 1228 551 1348 594; x_wconf 89' lang='lat' dir='ltr'>nos</span> <span class='ocrx_word' id='word_1_13' title='bbox 1393 530 1715 612; x_wconf 84' lang='lat' dir='ltr'>abruptae</span> <span class='ocrx_word' id='word_1_14' title='bbox 1760 539 1900 593; x_wconf 89' lang='lat' dir='ltr'>tum</span> <span class='ocrx_word' id='word_1_15' title='bbox 1949 529 2283 592; x_wconf 89' lang='lat' dir='ltr'>montibus</span> <span class='ocrx_word' id='word_1_16' title='bbox 2327 530 2474 593; x_wconf 89' lang='lat' dir='ltr'>altis</span> 
     </span>
     <span class='ocr_line' id='line_1_4' title="bbox 755 631 2277 713; baseline -0.002 -17"><span class='ocrx_word' id='word_1_17' title='bbox 755 633 1250 697; x_wconf 86' lang='lat' dir='ltr'>Deucalioneae</span> <span class='ocrx_word' id='word_1_18' title='bbox 1296 639 1521 695; x_wconf 84' lang='lat' dir='ltr'>cautes</span> <span class='ocrx_word' id='word_1_19' title='bbox 1567 651 1905 713; x_wconf 86' lang='lat' dir='ltr'>peperere.</span> <span class='ocrx_word' id='word_1_20' title='bbox 1953 631 2073 694; x_wconf 91' lang='lat' dir='ltr'>sed</span> <span class='ocrx_word' id='word_1_21' title='bbox 2120 651 2277 694; x_wconf 93' lang='lat' dir='ltr'>ecce</span> 
     </span>
    </p>

    <p class='ocr_par' dir='ltr' id='par_1_3' title="bbox 755 732 2587 1223">
     <span class='ocr_line' id='line_1_5' title="bbox 755 732 2587 815; baseline -0.001 -17"><span class='ocrx_word' id='word_1_22' title='bbox 755 737 1005 798; x_wconf 80' lang='lat' dir='ltr'>Durior</span> <span class='ocrx_word' id='word_1_23' title='bbox 1046 742 1484 815; x_wconf 89' lang='lat' dir='ltr'>aeternusque</span> <span class='ocrx_word' id='word_1_24' title='bbox 1532 741 1728 796; x_wconf 90' lang='lat' dir='ltr'>uocat</span> <span class='ocrx_word' id='word_1_25' title='bbox 1773 732 1991 796; x_wconf 87' lang='lat' dir='ltr'>labor:</span> <span class='ocrx_word' id='word_1_26' title='bbox 2039 732 2187 795; x_wconf 88' lang='lat' dir='ltr'>heia</span> <span class='ocrx_word' id='word_1_27' title='bbox 2232 753 2357 814; x_wconf 85' lang='lat' dir='ltr'>age</span> <span class='ocrx_word' id='word_1_28' title='bbox 2402 735 2587 815; x_wconf 89' lang='lat' dir='ltr'>segni</span> 
     </span>
     <span class='ocr_line' id='line_1_6' title="bbox 757 834 2445 899; baseline -0.002 0"><span class='ocrx_word' id='word_1_29' title='bbox 757 836 988 899; x_wconf 88' lang='lat' dir='ltr'>Pellite</span> <span class='ocrx_word' id='word_1_30' title='bbox 1033 855 1205 898; x_wconf 90' lang='lat' dir='ltr'>nunc</span> <span class='ocrx_word' id='word_1_31' title='bbox 1251 854 1527 897; x_wconf 85' lang='lat' dir='ltr'>somnos</span> <span class='ocrx_word' id='word_1_32' title='bbox 1571 843 1637 897; x_wconf 91' lang='lat' dir='ltr'>et</span> <span class='ocrx_word' id='word_1_33' title='bbox 1682 835 1862 897; x_wconf 90' lang='lat' dir='ltr'>curui</span> <span class='ocrx_word' id='word_1_34' title='bbox 1909 854 2181 896; x_wconf 87' lang='lat' dir='ltr'>uomere</span> <span class='ocrx_word' id='word_1_35' title='bbox 2228 834 2445 897; x_wconf 90' lang='lat' dir='ltr'>dentis</span> 
     </span>
     <span class='ocr_line' id='line_1_7' title="bbox 758 936 2586 1028; baseline -0.002 -28"><span class='ocrx_word' id='word_1_36' title='bbox 758 939 897 1001; x_wconf 87' lang='lat' dir='ltr'>Iam</span> <span class='ocrx_word' id='word_1_37' title='bbox 947 937 1174 1000; x_wconf 89' lang='lat' dir='ltr'>uiridis</span> <span class='ocrx_word' id='word_1_38' title='bbox 1219 937 1503 1000; x_wconf 92' lang='lat' dir='ltr'>lacerate</span> <span class='ocrx_word' id='word_1_39' title='bbox 1549 956 1798 1015; x_wconf 76' lang='lat' dir='ltr'>cornaS,</span> <span class='ocrx_word' id='word_1_40' title='bbox 1843 936 1970 998; x_wconf 89' lang='lat' dir='ltr'>iam</span> <span class='ocrx_word' id='word_1_41' title='bbox 2017 936 2314 1028; x_wconf 31' lang='lat' dir='ltr'>scindited</span> <span class='ocrx_word' id='word_1_42' title='bbox 2339 937 2586 1000; x_wconf 87' lang='lat' dir='ltr'>amictu</span> 
     </span>
     <span class='ocr_line' id='line_1_8' title="bbox 756 1037 2477 1121; baseline -0.001 -19"><span class='ocrx_word' id='word_1_43' title='bbox 756 1039 858 1102; x_wconf 89' lang='lat' dir='ltr'>Tu</span> <span class='ocrx_word' id='word_1_44' title='bbox 907 1038 1221 1121; x_wconf 90' lang='lat' dir='ltr'>grauibus</span> <span class='ocrx_word' id='word_1_45' title='bbox 1267 1039 1486 1101; x_wconf 88' lang='lat' dir='ltr'>rastris</span> <span class='ocrx_word' id='word_1_46' title='bbox 1531 1037 1903 1100; x_wconf 88' lang='lat' dir='ltr'>cunctantia</span> <span class='ocrx_word' id='word_1_47' title='bbox 1949 1037 2226 1119; x_wconf 77' lang='lat' dir='ltr'>perfode</span> <span class='ocrx_word' id='word_1_48' title='bbox 2270 1046 2477 1119; x_wconf 78' lang='lat' dir='ltr'>terga,</span> 
     </span>
     <span class='ocr_line' id='line_1_9' title="bbox 755 1139 2253 1223; baseline -0.001 -20"><span class='ocrx_word' id='word_1_49' title='bbox 755 1140 860 1204; x_wconf 89' lang='lat' dir='ltr'>Tu</span> <span class='ocrx_word' id='word_1_50' title='bbox 909 1142 1169 1223; x_wconf 90' lang='lat' dir='ltr'>penitus</span> <span class='ocrx_word' id='word_1_51' title='bbox 1214 1140 1360 1204; x_wconf 89' lang='lat' dir='ltr'>latis</span> <span class='ocrx_word' id='word_1_52' title='bbox 1406 1139 1678 1203; x_wconf 90' lang='lat' dir='ltr'>eradere</span> <span class='ocrx_word' id='word_1_53' title='bbox 1726 1140 1979 1202; x_wconf 90' lang='lat' dir='ltr'>uiscera</span> <span class='ocrx_word' id='word_1_54' title='bbox 2024 1140 2253 1202; x_wconf 89' lang='lat' dir='ltr'>marris</span> 
     </span>
    </p>

    <p class='ocr_par' dir='ltr' id='par_1_4' title="bbox 756 1240 2482 2033">
     <span class='ocr_line' id='line_1_10' title="bbox 756 1240 2462 1323; baseline 0.001 -18"><span class='ocrx_word' id='word_1_55' title='bbox 756 1243 862 1305; x_wconf 92' lang='lat' dir='ltr'>Ne</span> <span class='ocrx_word' id='word_1_56' title='bbox 907 1241 1135 1306; x_wconf 90' lang='lat' dir='ltr'>dubita</span> <span class='ocrx_word' id='word_1_57' title='bbox 1180 1251 1245 1305; x_wconf 94' lang='lat' dir='ltr'>et</span> <span class='ocrx_word' id='word_1_58' title='bbox 1288 1262 1552 1305; x_wconf 89' lang='lat' dir='ltr'>summo</span> <span class='ocrx_word' id='word_1_59' title='bbox 1596 1240 1918 1304; x_wconf 86' lang='lat' dir='ltr'>feruentia</span> <span class='ocrx_word' id='word_1_60' title='bbox 1962 1242 2210 1323; x_wconf 85' lang='lat' dir='ltr'>cespite</span> <span class='ocrx_word' id='word_1_61' title='bbox 2258 1242 2462 1306; x_wconf 84' lang='lat' dir='ltr'>mixta</span> 
     </span>
     <span class='ocr_line' id='line_1_11' title="bbox 756 1343 2386 1426; baseline -0.001 -20"><span class='ocrx_word' id='word_1_62' title='bbox 756 1345 1032 1424; x_wconf 79' lang='lat' dir='ltr'>Ponere,</span> <span class='ocrx_word' id='word_1_63' title='bbox 1080 1364 1250 1426; x_wconf 86' lang='lat' dir='ltr'>quae</span> <span class='ocrx_word' id='word_1_64' title='bbox 1298 1343 1477 1406; x_wconf 86' lang='lat' dir='ltr'>canis</span> <span class='ocrx_word' id='word_1_65' title='bbox 1524 1343 1778 1406; x_wconf 89' lang='lat' dir='ltr'>iaceant</span> <span class='ocrx_word' id='word_1_66' title='bbox 1824 1343 2073 1405; x_wconf 90' lang='lat' dir='ltr'>urenda</span> <span class='ocrx_word' id='word_1_67' title='bbox 2119 1344 2386 1425; x_wconf 77' lang='lat' dir='ltr'>pruiniS,</span> 
     </span>
     <span class='ocr_line' id='line_1_12' title="bbox 756 1443 2341 1527; baseline 0 -20"><span class='ocrx_word' id='word_1_68' title='bbox 756 1445 1168 1508; x_wconf 87' lang='lat' dir='ltr'>Verberibus</span> <span class='ocrx_word' id='word_1_69' title='bbox 1213 1445 1447 1527; x_wconf 86' lang='lat' dir='ltr'>gelidis</span> <span class='ocrx_word' id='word_1_70' title='bbox 1492 1446 1760 1526; x_wconf 86' lang='lat' dir='ltr'>iraeque</span> <span class='ocrx_word' id='word_1_71' title='bbox 1807 1443 2097 1507; x_wconf 87' lang='lat' dir='ltr'>obnoxia</span> <span class='ocrx_word' id='word_1_72' title='bbox 2144 1445 2341 1525; x_wconf 79' lang='lat' dir='ltr'>cauri,</span> 
     </span>
     <span class='ocr_line' id='line_1_13' title="bbox 756 1546 2440 1628; baseline -0.001 -19"><span class='ocrx_word' id='word_1_73' title='bbox 756 1546 1011 1628; x_wconf 89' lang='lat' dir='ltr'>Alliget</span> <span class='ocrx_word' id='word_1_74' title='bbox 1057 1555 1127 1609; x_wconf 91' lang='lat' dir='ltr'>ut</span> <span class='ocrx_word' id='word_1_75' title='bbox 1170 1566 1405 1609; x_wconf 91' lang='lat' dir='ltr'>saeuus</span> <span class='ocrx_word' id='word_1_76' title='bbox 1449 1546 1698 1609; x_wconf 88' lang='lat' dir='ltr'>Boreas</span> <span class='ocrx_word' id='word_1_77' title='bbox 1743 1546 2089 1627; x_wconf 89' lang='lat' dir='ltr'>Eurusque</span> <span class='ocrx_word' id='word_1_78' title='bbox 2136 1546 2440 1609; x_wconf 87' lang='lat' dir='ltr'>resoluat.</span> 
     </span>
     <span class='ocr_line' id='line_1_14' title="bbox 757 1646 2440 1730; baseline 0.001 -20"><span class='ocrx_word' id='word_1_79' title='bbox 757 1648 916 1711; x_wconf 87' lang='lat' dir='ltr'>Post</span> <span class='ocrx_word' id='word_1_80' title='bbox 961 1648 1071 1710; x_wconf 93' lang='lat' dir='ltr'>ubi</span> <span class='ocrx_word' id='word_1_81' title='bbox 1116 1648 1455 1730; x_wconf 90' lang='lat' dir='ltr'>Riphaeae</span> <span class='ocrx_word' id='word_1_82' title='bbox 1500 1648 1831 1729; x_wconf 88' lang='lat' dir='ltr'>torpentia</span> <span class='ocrx_word' id='word_1_83' title='bbox 1878 1647 2121 1729; x_wconf 86' lang='lat' dir='ltr'>frigora</span> <span class='ocrx_word' id='word_1_84' title='bbox 2166 1646 2440 1712; x_wconf 88' lang='lat' dir='ltr'>brumae</span> 
     </span>
     <span class='ocr_line' id='line_1_15' title="bbox 758 1748 2387 1832; baseline -0.001 -19"><span class='ocrx_word' id='word_1_85' title='bbox 758 1748 1097 1813; x_wconf 87' lang='lat' dir='ltr'>Candidus</span> <span class='ocrx_word' id='word_1_86' title='bbox 1140 1750 1363 1832; x_wconf 84' lang='lat' dir='ltr'>aprica</span> <span class='ocrx_word' id='word_1_87' title='bbox 1404 1749 1750 1831; x_wconf 85' lang='lat' dir='ltr'>Zephyrus</span> <span class='ocrx_word' id='word_1_88' title='bbox 1796 1749 2187 1831; x_wconf 89' lang='lat' dir='ltr'>regelauerit</span> <span class='ocrx_word' id='word_1_89' title='bbox 2230 1770 2387 1813; x_wconf 86' lang='lat' dir='ltr'>aura</span> 
     </span>
     <span class='ocr_line' id='line_1_16' title="bbox 757 1850 2482 1934; baseline 0.001 -20"><span class='ocrx_word' id='word_1_90' title='bbox 757 1850 1172 1933; x_wconf 86' lang='lat' dir='ltr'>Sidereoque</span> <span class='ocrx_word' id='word_1_91' title='bbox 1218 1850 1379 1934; x_wconf 92' lang='lat' dir='ltr'>polo</span> <span class='ocrx_word' id='word_1_92' title='bbox 1425 1850 1622 1914; x_wconf 90' lang='lat' dir='ltr'>cedet</span> <span class='ocrx_word' id='word_1_93' title='bbox 1665 1851 1844 1932; x_wconf 90' lang='lat' dir='ltr'>Lyra</span> <span class='ocrx_word' id='word_1_94' title='bbox 1891 1871 2106 1914; x_wconf 89' lang='lat' dir='ltr'>mersa</span> <span class='ocrx_word' id='word_1_95' title='bbox 2150 1851 2482 1933; x_wconf 91' lang='lat' dir='ltr'>profundo</span> 
     </span>
     <span class='ocr_line' id='line_1_17' title="bbox 756 1953 2370 2033; baseline 0.001 -17"><span class='ocrx_word' id='word_1_96' title='bbox 756 1953 955 2016; x_wconf 89' lang='lat' dir='ltr'>Veris</span> <span class='ocrx_word' id='word_1_97' title='bbox 1000 1961 1068 2015; x_wconf 91' lang='lat' dir='ltr'>et</span> <span class='ocrx_word' id='word_1_98' title='bbox 1109 1954 1469 2016; x_wconf 88' lang='lat' dir='ltr'>aduentum</span> <span class='ocrx_word' id='word_1_99' title='bbox 1518 1953 1687 2016; x_wconf 89' lang='lat' dir='ltr'>nidis</span> <span class='ocrx_word' id='word_1_100' title='bbox 1734 1953 2021 2017; x_wconf 86' lang='lat' dir='ltr'>cantauit</span> <span class='ocrx_word' id='word_1_101' title='bbox 2065 1953 2370 2033; x_wconf 80' lang='lat' dir='ltr'>hirundO,</span> 
     </span>
    </p>

    <p class='ocr_par' dir='ltr' id='par_1_5' title="bbox 710 2053 2462 2235">
     <span class='ocr_line' id='line_1_18' title="bbox 710 2053 2462 2137; baseline 0.001 -21"><span class='ocrx_word' id='word_1_102' title='bbox 710 2111 717 2116; x_wconf 84' lang='lat'>.</span> <span class='ocrx_word' id='word_1_103' title='bbox 756 2053 1027 2117; x_wconf 85' lang='lat' dir='ltr'>Rudere</span> <span class='ocrx_word' id='word_1_104' title='bbox 1071 2062 1211 2118; x_wconf 88' lang='lat' dir='ltr'>tum</span> <span class='ocrx_word' id='word_1_105' title='bbox 1259 2055 1483 2137; x_wconf 90' lang='lat' dir='ltr'>pingui</span> <span class='ocrx_word' id='word_1_106' title='bbox 1530 2054 1746 2117; x_wconf 91' lang='lat' dir='ltr'>solido</span> <span class='ocrx_word' id='word_1_107' title='bbox 1795 2054 1899 2117; x_wconf 92' lang='lat' dir='ltr'>uel</span> <span class='ocrx_word' id='word_1_108' title='bbox 1945 2062 2237 2117; x_wconf 89' lang='lat' dir='ltr'>stercore</span> <span class='ocrx_word' id='word_1_109' title='bbox 2282 2055 2462 2118; x_wconf 89' lang='lat' dir='ltr'>aselli</span> 
     </span>
     <span class='ocr_line' id='line_1_19' title="bbox 758 2155 2212 2235; baseline -0.001 -16"><span class='ocrx_word' id='word_1_110' title='bbox 758 2156 1154 2219; x_wconf 89' lang='lat' dir='ltr'>Armentiue</span> <span class='ocrx_word' id='word_1_111' title='bbox 1199 2155 1361 2218; x_wconf 87' lang='lat' dir='ltr'>fimo</span> <span class='ocrx_word' id='word_1_112' title='bbox 1406 2163 1656 2218; x_wconf 87' lang='lat' dir='ltr'>saturet</span> <span class='ocrx_word' id='word_1_113' title='bbox 1700 2155 1935 2217; x_wconf 90' lang='lat' dir='ltr'>ieiunia</span> <span class='ocrx_word' id='word_1_114' title='bbox 1978 2162 2212 2235; x_wconf 81' lang='lat' dir='ltr'>terrae,</span> 
     </span>
    </p>

    <p class='ocr_par' dir='ltr' id='par_1_6' title="bbox 756 2255 2587 2644">
     <span class='ocr_line' id='line_1_20' title="bbox 757 2255 2449 2340; baseline 0.001 -21"><span class='ocrx_word' id='word_1_115' title='bbox 757 2259 909 2340; x_wconf 91' lang='lat' dir='ltr'>Ipse</span> <span class='ocrx_word' id='word_1_116' title='bbox 958 2257 1171 2320; x_wconf 87' lang='lat' dir='ltr'>ferens</span> <span class='ocrx_word' id='word_1_117' title='bbox 1215 2257 1459 2320; x_wconf 90' lang='lat' dir='ltr'>holitor</span> <span class='ocrx_word' id='word_1_118' title='bbox 1504 2256 1806 2339; x_wconf 91' lang='lat' dir='ltr'>diruptos</span> <span class='ocrx_word' id='word_1_119' title='bbox 1851 2255 2149 2337; x_wconf 87' lang='lat' dir='ltr'>pondere</span> <span class='ocrx_word' id='word_1_120' title='bbox 2193 2257 2449 2339; x_wconf 68' lang='lat' dir='ltr'>qualos,</span> 
     </span>
     <span class='ocr_line' id='line_1_21' title="bbox 756 2356 2324 2440; baseline 0 -19"><span class='ocrx_word' id='word_1_121' title='bbox 756 2358 1008 2422; x_wconf 89' lang='lat' dir='ltr'>Pabula</span> <span class='ocrx_word' id='word_1_122' title='bbox 1053 2378 1173 2422; x_wconf 92' lang='lat' dir='ltr'>nec</span> <span class='ocrx_word' id='word_1_123' title='bbox 1221 2359 1469 2440; x_wconf 91' lang='lat' dir='ltr'>pudeat</span> <span class='ocrx_word' id='word_1_124' title='bbox 1512 2359 1670 2421; x_wconf 89' lang='lat' dir='ltr'>fisso</span> <span class='ocrx_word' id='word_1_125' title='bbox 1718 2356 2039 2440; x_wconf 89' lang='lat' dir='ltr'>praebere</span> <span class='ocrx_word' id='word_1_126' title='bbox 2087 2359 2324 2432; x_wconf 86' lang='lat' dir='ltr'>nouali,</span> 
     </span>
     <span class='ocr_line' id='line_1_22' title="bbox 758 2459 2419 2542; baseline 0 -19"><span class='ocrx_word' id='word_1_127' title='bbox 758 2460 1100 2523; x_wconf 87' lang='lat' dir='ltr'>Inmundis</span> <span class='ocrx_word' id='word_1_128' title='bbox 1144 2480 1583 2542; x_wconf 90' lang='lat' dir='ltr'>quaecunque</span> <span class='ocrx_word' id='word_1_129' title='bbox 1628 2460 1839 2523; x_wconf 89' lang='lat' dir='ltr'>uomit</span> <span class='ocrx_word' id='word_1_130' title='bbox 1883 2459 2114 2522; x_wconf 87' lang='lat' dir='ltr'>latrina</span> <span class='ocrx_word' id='word_1_131' title='bbox 2160 2459 2419 2523; x_wconf 79' lang='lat' dir='ltr'>cloacis,</span> 
     </span>
     <span class='ocr_line' id='line_1_23' title="bbox 758 2561 2587 2644; baseline -0.001 -18"><span class='ocrx_word' id='word_1_132' title='bbox 758 2564 1119 2643; x_wconf 87' lang='lat' dir='ltr'>Deusaque</span> <span class='ocrx_word' id='word_1_133' title='bbox 1165 2564 1291 2625; x_wconf 89' lang='lat' dir='ltr'>iam</span> <span class='ocrx_word' id='word_1_134' title='bbox 1341 2562 1580 2644; x_wconf 91' lang='lat' dir='ltr'>pluuiis</span> <span class='ocrx_word' id='word_1_135' title='bbox 1627 2561 1993 2643; x_wconf 90' lang='lat' dir='ltr'>durataque</span> <span class='ocrx_word' id='word_1_136' title='bbox 2039 2582 2298 2625; x_wconf 88' lang='lat' dir='ltr'>summa</span> <span class='ocrx_word' id='word_1_137' title='bbox 2343 2564 2587 2644; x_wconf 88' lang='lat' dir='ltr'>pruinis</span> 
     </span>
    </p>
   </div>
   <div class='ocr_carea' id='block_1_3' title="bbox 960 2775 2587 2888">
    <p class='ocr_par' dir='ltr' id='par_1_7' title="bbox 960 2775 2587 2888">
     <span class='ocr_line' id='line_1_24' title="bbox 960 2775 2587 2888; baseline -0.001 -21"><span class='ocrx_word' id='word_1_138' title='bbox 960 2823 1026 2880; x_wconf 86' lang='lat'>65</span> <span class='ocrx_word' id='word_1_139' title='bbox 1064 2819 1395 2867; x_wconf 82' lang='lat' dir='ltr'>manusuiduo</span> <span class='ocrx_word' id='word_1_140' title='bbox 1431 2819 1629 2872; x_wconf 86' lang='lat' dir='ltr'>(nusuid</span> <span class='ocrx_word' id='word_1_141' title='bbox 1666 2819 1721 2865; x_wconf 76' lang='lat' dir='ltr'>in</span> <span class='ocrx_word' id='word_1_142' title='bbox 1757 2823 1884 2872; x_wconf 77' lang='lat' dir='ltr'>ras.)</span> <span class='ocrx_word' id='word_1_143' title='bbox 1919 2821 1954 2867; x_wconf 85' lang='lat' dir='ltr'>S</span> <span class='ocrx_word' id='word_1_144' title='bbox 1988 2775 2097 2866; x_wconf 58' lang='lat' dir='ltr'>orbi</span> <span class='ocrx_word' id='word_1_145' title='bbox 2137 2818 2211 2888; x_wconf 72' lang='lat' dir='ltr'>bp.</span> <span class='ocrx_word' id='word_1_146' title='bbox 2344 2821 2412 2867; x_wconf 89' lang='grc'>66</span> <span class='ocrx_word' id='word_1_147' title='bbox 2446 2819 2587 2880; x_wconf 80' lang='lat' dir='ltr'>abru1</span> 
     </span>
    </p>
   </div>
   <div class='ocr_carea' id='block_1_4' title="bbox 757 2903 2587 3474">
    <p class='ocr_par' dir='ltr' id='par_1_8' title="bbox 757 2903 2587 3048">
     <span class='ocr_line' id='line_1_25' title="bbox 757 2903 2587 2972; baseline -0.002 -20"><span class='ocrx_word' id='word_1_148' title='bbox 757 2907 879 2960; x_wconf 84' lang='lat' dir='ltr'>(tum</span> <span class='ocrx_word' id='word_1_149' title='bbox 917 2911 1081 2967; x_wconf 80' lang='lat' dir='ltr'>supra</span> <span class='ocrx_word' id='word_1_150' title='bbox 1118 2908 1352 2956; x_wconf 80' lang='lat' dir='ltr'>uersum)</span> <span class='ocrx_word' id='word_1_151' title='bbox 1388 2903 1421 2949; x_wconf 76' lang='lat' dir='ltr'>d</span> <span class='ocrx_word' id='word_1_152' title='bbox 1458 2903 1688 2964; x_wconf 84' lang='lat' dir='ltr'>abruptis</span> <span class='ocrx_word' id='word_1_153' title='bbox 1724 2910 1825 2950; x_wconf 82' lang='lat' dir='ltr'>tum</span> <span class='ocrx_word' id='word_1_154' title='bbox 1864 2921 1903 2972; x_wconf 83' lang='grc' dir='ltr'><strong>μ</strong></span> <span class='ocrx_word' id='word_1_155' title='bbox 2069 2903 2186 2951; x_wconf 83' lang='lat' dir='ltr'>altis</span> <span class='ocrx_word' id='word_1_156' title='bbox 2221 2918 2326 2952; x_wconf 89' lang='lat' dir='ltr'>om.</span> <span class='ocrx_word' id='word_1_157' title='bbox 2362 2904 2400 2950; x_wconf 83' lang='lat' dir='ltr'>A</span> <span class='ocrx_word' id='word_1_158' title='bbox 2570 2908 2587 2949; x_wconf 74' lang='lat' dir='ltr'>t</span> 
     </span>
     <span class='ocr_line' id='line_1_26' title="bbox 757 2987 2587 3048; baseline -0.002 -10"><span class='ocrx_word' id='word_1_159' title='bbox 757 3003 824 3038; x_wconf 74' lang='lat' dir='ltr'>ae</span> <span class='ocrx_word' id='word_1_160' title='bbox 980 2990 1046 3035; x_wconf 87' lang='lat'>68</span> <span class='ocrx_word' id='word_1_161' title='bbox 1082 2989 1158 3035; x_wconf 87' lang='lat' dir='ltr'>eia</span> <span class='ocrx_word' id='word_1_162' title='bbox 1195 3001 1261 3046; x_wconf 83' lang='lat' dir='ltr'>cp</span> <span class='ocrx_word' id='word_1_163' title='bbox 1410 2989 1477 3046; x_wconf 90' lang='lat'>69</span> <span class='ocrx_word' id='word_1_164' title='bbox 1512 2987 1697 3035; x_wconf 87' lang='lat' dir='ltr'>Pelliee</span> <span class='ocrx_word' id='word_1_165' title='bbox 1733 3001 1797 3046; x_wconf 83' lang='lat' dir='ltr'>eq</span> <span class='ocrx_word' id='word_1_166' title='bbox 1937 3003 1990 3048; x_wconf 86' lang='lat'>7¹</span> <span class='ocrx_word' id='word_1_167' title='bbox 2040 3003 2151 3035; x_wconf 86' lang='lat' dir='ltr'>cum</span> <span class='ocrx_word' id='word_1_168' title='bbox 2188 2988 2310 3035; x_wconf 83' lang='lat' dir='ltr'>tatia</span> <span class='ocrx_word' id='word_1_169' title='bbox 2348 2988 2421 3045; x_wconf 74' lang='lat' dir='ltr'>(in</span> <span class='ocrx_word' id='word_1_170' title='bbox 2450 2993 2587 3035; x_wconf 70' lang='lat' dir='ltr'>cunci</span> 
     </span>
    </p>

    <p class='ocr_par' dir='ltr' id='par_1_9' title="bbox 757 3071 2587 3389">
     <span class='ocr_line' id='line_1_27' title="bbox 966 3071 2576 3134; baseline 0 -14"><span class='ocrx_word' id='word_1_171' title='bbox 966 3088 1027 3131; x_wconf 83' lang='lat'>72</span> <span class='ocrx_word' id='word_1_172' title='bbox 1055 3074 1235 3120; x_wconf 83' lang='lat' dir='ltr'>marris</span> <span class='ocrx_word' id='word_1_173' title='bbox 1260 3073 1293 3118; x_wconf 81' lang='lat' dir='ltr'>k</span> <span class='ocrx_word' id='word_1_174' title='bbox 1319 3072 1493 3119; x_wconf 87' lang='lat' dir='ltr'>matris</span> <span class='ocrx_word' id='word_1_175' title='bbox 1517 3072 1640 3120; x_wconf 81' lang='lat' dir='ltr'>SAR</span> <span class='ocrx_word' id='word_1_176' title='bbox 1657 3078 1780 3134; x_wconf 76' lang='lat' dir='ltr'>pose</span> <span class='ocrx_word' id='word_1_177' title='bbox 1805 3072 1980 3120; x_wconf 83' lang='lat' dir='ltr'>matris</span> <span class='ocrx_word' id='word_1_178' title='bbox 2001 3087 2100 3120; x_wconf 86' lang='lat' dir='ltr'>scr.</span> <span class='ocrx_word' id='word_1_179' title='bbox 2123 3073 2320 3119; x_wconf 85' lang='lat' dir='ltr'>uiscera</span> <span class='ocrx_word' id='word_1_180' title='bbox 2348 3077 2394 3120; x_wconf 81' lang='lat' dir='ltr'>et</span> <span class='ocrx_word' id='word_1_181' title='bbox 2417 3071 2509 3120; x_wconf 81' lang='lat' dir='ltr'>del.</span> <span class='ocrx_word' id='word_1_182' title='bbox 2539 3076 2576 3120; x_wconf 97' lang='lat' dir='ltr'>A</span> 
     </span>
     <span class='ocr_line' id='line_1_28' title="bbox 757 3157 2576 3221; baseline -0.002 -12"><span class='ocrx_word' id='word_1_183' title='bbox 757 3160 953 3221; x_wconf 81' lang='lat' dir='ltr'>cespite</span> <span class='ocrx_word' id='word_1_184' title='bbox 992 3158 1255 3207; x_wconf 79' lang='lat' dir='ltr'>Gesnerus</span> <span class='ocrx_word' id='word_1_185' title='bbox 1282 3164 1569 3221; x_wconf 75' lang='lat' dir='ltr'>praeeunte</span> <span class='ocrx_word' id='word_1_186' title='bbox 1601 3170 1636 3216; x_wconf 71' lang='grc' dir='ltr'>ι)</span> <span class='ocrx_word' id='word_1_187' title='bbox 1664 3158 1879 3205; x_wconf 86' lang='lat' dir='ltr'>feruenti</span> <span class='ocrx_word' id='word_1_188' title='bbox 1917 3159 2109 3219; x_wconf 81' lang='lat' dir='ltr'>cespite</span> <span class='ocrx_word' id='word_1_189' title='bbox 2147 3157 2274 3205; x_wconf 80' lang='lat' dir='ltr'>exh.:</span> <span class='ocrx_word' id='word_1_190' title='bbox 2313 3157 2576 3205; x_wconf 83' lang='lat' dir='ltr'>frementia</span> 
     </span>
     <span class='ocr_line' id='line_1_29' title="bbox 758 3241 2587 3305; baseline -0.001 -13"><span class='ocrx_word' id='word_1_191' title='bbox 758 3245 965 3305; x_wconf 86' lang='lat' dir='ltr'>quentia</span> <span class='ocrx_word' id='word_1_192' title='bbox 1015 3246 1241 3304; x_wconf 87' lang='lat' dir='ltr'>acespite</span> <span class='ocrx_word' id='word_1_193' title='bbox 1288 3247 1334 3297; x_wconf 87' lang='lat' dir='ltr'>(a</span> <span class='ocrx_word' id='word_1_194' title='bbox 1371 3243 1425 3290; x_wconf 79' lang='lat' dir='ltr'>in</span> <span class='ocrx_word' id='word_1_195' title='bbox 1475 3243 1759 3303; x_wconf 81' lang='lat' dir='ltr'>frequentia</span> <span class='ocrx_word' id='word_1_196' title='bbox 1806 3258 1949 3290; x_wconf 84' lang='lat' dir='ltr'>man.</span> <span class='ocrx_word' id='word_1_197' title='bbox 1988 3243 2078 3290; x_wconf 78' lang='lat' dir='ltr'>alt.</span> <span class='ocrx_word' id='word_1_198' title='bbox 2118 3241 2230 3294; x_wconf 80' lang='lat' dir='ltr'>del.)</span> <span class='ocrx_word' id='word_1_199' title='bbox 2269 3244 2305 3290; x_wconf 76' lang='lat' dir='ltr'>A</span> <span class='ocrx_word' id='word_1_200' title='bbox 2345 3243 2587 3303; x_wconf 82' lang='lat' dir='ltr'>frequenti</span> 
     </span>
     <span class='ocr_line' id='line_1_30' title="bbox 760 3327 2582 3389; baseline -0.002 -12"><span class='ocrx_word' id='word_1_201' title='bbox 760 3329 1012 3389; x_wconf 74' lang='lat' dir='ltr'>frequenti</span> <span class='ocrx_word' id='word_1_202' title='bbox 1037 3345 1065 3376; x_wconf 85' lang='lat' dir='ltr'>a</span> <span class='ocrx_word' id='word_1_203' title='bbox 1092 3328 1285 3389; x_wconf 88' lang='lat' dir='ltr'>cespite</span> <span class='ocrx_word' id='word_1_204' title='bbox 1311 3328 1412 3387; x_wconf 77' lang='lat' dir='ltr'>cdq</span> <span class='ocrx_word' id='word_1_205' title='bbox 1443 3327 1693 3388; x_wconf 81' lang='lat' dir='ltr'>frequenti</span> <span class='ocrx_word' id='word_1_206' title='bbox 1718 3328 1912 3387; x_wconf 86' lang='lat' dir='ltr'>cespite</span> <span class='ocrx_word' id='word_1_207' title='bbox 1937 3327 2022 3374; x_wconf 79' lang='lat' dir='ltr'>hm</span> <span class='ocrx_word' id='word_1_208' title='bbox 2049 3327 2302 3387; x_wconf 86' lang='lat' dir='ltr'>frequenti</span> <span class='ocrx_word' id='word_1_209' title='bbox 2320 3335 2372 3374; x_wconf 91' lang='lat' dir='ltr'>et</span> <span class='ocrx_word' id='word_1_210' title='bbox 2390 3327 2582 3388; x_wconf 87' lang='lat' dir='ltr'>cespite</span> 
     </span>
    </p>

    <p class='ocr_par' dir='ltr' id='par_1_10' title="bbox 965 3412 2587 3474">
     <span class='ocr_line' id='line_1_31' title="bbox 965 3412 2587 3474; baseline 0 -15"><span class='ocrx_word' id='word_1_211' title='bbox 965 3428 1025 3473; x_wconf 79' lang='lat'>74</span> <span class='ocrx_word' id='word_1_212' title='bbox 1082 3413 1339 3460; x_wconf 80' lang='lat' dir='ltr'>iaceantur</span> <span class='ocrx_word' id='word_1_213' title='bbox 1398 3427 1542 3460; x_wconf 82' lang='lat' dir='ltr'>man.</span> <span class='ocrx_word' id='word_1_214' title='bbox 1590 3420 1674 3474; x_wconf 80' lang='lat' dir='ltr'>pr.</span> <span class='ocrx_word' id='word_1_215' title='bbox 1730 3412 1785 3458; x_wconf 77' lang='lat' dir='ltr'>in</span> <span class='ocrx_word' id='word_1_216' title='bbox 1839 3413 1873 3459; x_wconf 98' lang='lat' dir='ltr'>S</span> <span class='ocrx_word' id='word_1_217' title='bbox 1928 3412 2093 3459; x_wconf 85' lang='lat' dir='ltr'>iacent</span> <span class='ocrx_word' id='word_1_218' title='bbox 2131 3412 2217 3459; x_wconf 77' lang='lat' dir='ltr'>AR</span> <span class='ocrx_word' id='word_1_219' title='bbox 2423 3426 2485 3473; x_wconf 79' lang='lat'>75</span> <span class='ocrx_word' id='word_1_220' title='bbox 2522 3413 2587 3459; x_wconf 72' lang='lat' dir='ltr'>ce}</span> 
     </span>
    </p>
   </div>
   <div class='ocr_carea' id='block_1_5' title="bbox 758 3496 2576 3558">
    <p class='ocr_par' dir='ltr' id='par_1_11' title="bbox 758 3496 2576 3558">
     <span class='ocr_line' id='line_1_32' title="bbox 758 3496 2576 3558; baseline -0.001 -12"><span class='ocrx_word' id='word_1_221' title='bbox 758 3499 933 3546; x_wconf 83' lang='lat' dir='ltr'>chauri</span> <span class='ocrx_word' id='word_1_222' title='bbox 986 3497 1070 3545; x_wconf 77' lang='lat' dir='ltr'>SR</span> <span class='ocrx_word' id='word_1_223' title='bbox 1121 3498 1262 3545; x_wconf 86' lang='lat' dir='ltr'>hauri</span> <span class='ocrx_word' id='word_1_224' title='bbox 1315 3498 1352 3544; x_wconf 82' lang='grc' dir='ltr'><strong>Δ</strong></span> <span class='ocrx_word' id='word_1_225' title='bbox 1405 3497 1574 3544; x_wconf 87' lang='lat' dir='ltr'>cancri</span> <span class='ocrx_word' id='word_1_226' title='bbox 1628 3496 1726 3552; x_wconf 89' lang='lat' dir='ltr'>(uel</span> <span class='ocrx_word' id='word_1_227' title='bbox 1782 3496 1919 3544; x_wconf 85' lang='lat' dir='ltr'>cauri</span> <span class='ocrx_word' id='word_1_228' title='bbox 1955 3496 2009 3543; x_wconf 83' lang='lat' dir='ltr'>in</span> <span class='ocrx_word' id='word_1_229' title='bbox 2047 3500 2240 3558; x_wconf 81' lang='lat' dir='ltr'>marg.)</span> <span class='ocrx_word' id='word_1_230' title='bbox 2277 3509 2308 3543; x_wconf 83' lang='lat' dir='ltr'>c</span> <span class='ocrx_word' id='word_1_231' title='bbox 2514 3499 2576 3556; x_wconf 87' lang='lat'>76</span> 
     </span>
    </p>
   </div>
   <div class='ocr_carea' id='block_1_6' title="bbox 897 3589 2493 3704">
    <p class='ocr_par' dir='ltr' id='par_1_12' title="bbox 897 3589 2493 3704">
     <span class='ocr_line' id='line_1_33' title="bbox 897 3589 2493 3704; baseline 0 -25"><span class='ocrx_word' id='word_1_232' title='bbox 897 3633 1108 3680; x_wconf 84' lang='lat' dir='ltr'>borreas</span> <span class='ocrx_word' id='word_1_233' title='bbox 1128 3644 1164 3679; x_wconf 77' lang='grc' dir='ltr'>ει</span> <span class='ocrx_word' id='word_1_234' title='bbox 1300 3646 1361 3691; x_wconf 81' lang='lat'>77</span> <span class='ocrx_word' id='word_1_235' title='bbox 1385 3632 1553 3679; x_wconf 85' lang='lat' dir='ltr'>rishae</span> <span class='ocrx_word' id='word_1_236' title='bbox 1572 3633 1605 3678; x_wconf 92' lang='lat' dir='ltr'>S</span> <span class='ocrx_word' id='word_1_237' title='bbox 1625 3589 1794 3693; x_wconf 70' lang='lat' dir='ltr'>ripheie</span> <span class='ocrx_word' id='word_1_238' title='bbox 1805 3637 1851 3704; x_wconf 62' lang='grc' dir='ltr'>ῳ</span> <span class='ocrx_word' id='word_1_239' title='bbox 1871 3639 2137 3695; x_wconf 80' lang='lat' dir='ltr'>suprascr.</span> <span class='ocrx_word' id='word_1_240' title='bbox 2159 3646 2302 3679; x_wconf 77' lang='lat' dir='ltr'>nean.</span> <span class='ocrx_word' id='word_1_241' title='bbox 2323 3631 2435 3682; x_wconf 78' lang='lat' dir='ltr'>alt.)</span> <span class='ocrx_word' id='word_1_242' title='bbox 2458 3633 2493 3679; x_wconf 90' lang='lat' dir='ltr'>A</span> 
     </span>
    </p>
   </div>
   <div class='ocr_carea' id='block_1_7' title="bbox 759 3716 2587 4292">
    <p class='ocr_par' dir='ltr' id='par_1_13' title="bbox 759 3716 2587 4292">
     <span class='ocr_line' id='line_1_34' title="bbox 760 3716 2587 3776; baseline 0 -13"><span class='ocrx_word' id='word_1_243' title='bbox 760 3718 826 3776; x_wconf 81' lang='lat'>78</span> <span class='ocrx_word' id='word_1_244' title='bbox 863 3717 1097 3776; x_wconf 86' lang='lat' dir='ltr'>zephirus</span> <span class='ocrx_word' id='word_1_245' title='bbox 1133 3716 1219 3764; x_wconf 71' lang='lat' dir='ltr'>Aa</span> <span class='ocrx_word' id='word_1_246' title='bbox 1354 3717 1670 3775; x_wconf 80' lang='lat' dir='ltr'>regelauerat</span> <span class='ocrx_word' id='word_1_247' title='bbox 1707 3716 1772 3763; x_wconf 76' lang='lat' dir='ltr'>ed</span> <span class='ocrx_word' id='word_1_248' title='bbox 1910 3730 2061 3763; x_wconf 84' lang='lat' dir='ltr'>auras</span> <span class='ocrx_word' id='word_1_249' title='bbox 2098 3716 2170 3762; x_wconf 88' lang='lat' dir='ltr'>SA</span> <span class='ocrx_word' id='word_1_250' title='bbox 2381 3730 2444 3775; x_wconf 85' lang='lat'>79</span> <span class='ocrx_word' id='word_1_251' title='bbox 2481 3718 2587 3763; x_wconf 69' lang='lat' dir='ltr'>Side</span> 
     </span>
     <span class='ocr_line' id='line_1_35' title="bbox 759 3796 2586 3863; baseline 0.001 -17"><span class='ocrx_word' id='word_1_252' title='bbox 759 3816 888 3857; x_wconf 63' lang='lat' dir='ltr'>ras„</span> <span class='ocrx_word' id='word_1_253' title='bbox 922 3799 1106 3849; x_wconf 78' lang='lat' dir='ltr'>deinde</span> <span class='ocrx_word' id='word_1_254' title='bbox 1150 3807 1388 3863; x_wconf 80' lang='lat' dir='ltr'>paruum</span> <span class='ocrx_word' id='word_1_255' title='bbox 1442 3800 1676 3863; x_wconf 75' lang='lat' dir='ltr'>spatium</span> <span class='ocrx_word' id='word_1_256' title='bbox 1714 3804 1845 3854; x_wconf 85' lang='lat' dir='ltr'>uac.)</span> <span class='ocrx_word' id='word_1_257' title='bbox 1881 3802 1915 3847; x_wconf 87' lang='lat' dir='ltr'>S</span> <span class='ocrx_word' id='word_1_258' title='bbox 1952 3800 2129 3847; x_wconf 86' lang='lat' dir='ltr'>Sidere</span> <span class='ocrx_word' id='word_1_259' title='bbox 2167 3796 2232 3861; x_wconf 69' lang='lat' dir='ltr'>(sq</span> <span class='ocrx_word' id='word_1_260' title='bbox 2271 3801 2306 3847; x_wconf 91' lang='lat' dir='ltr'>A</span> <span class='ocrx_word' id='word_1_261' title='bbox 2344 3801 2586 3861; x_wconf 69' lang='lat' dir='ltr'>sydereo&lt;</span> 
     </span>
     <span class='ocr_line' id='line_1_36' title="bbox 760 3884 2587 3946; baseline 0.001 -16"><span class='ocrx_word' id='word_1_262' title='bbox 760 3884 851 3931; x_wconf 86' lang='lat' dir='ltr'>lira</span> <span class='ocrx_word' id='word_1_263' title='bbox 888 3884 1009 3931; x_wconf 75' lang='lat' dir='ltr'>bkm</span> <span class='ocrx_word' id='word_1_264' title='bbox 1214 3887 1281 3932; x_wconf 86' lang='lat'>80</span> <span class='ocrx_word' id='word_1_265' title='bbox 1317 3885 1529 3932; x_wconf 84' lang='lat' dir='ltr'>cantarit</span> <span class='ocrx_word' id='word_1_266' title='bbox 1568 3897 1603 3931; x_wconf 76' lang='grc' dir='ltr'>ιι</span> <span class='ocrx_word' id='word_1_267' title='bbox 1807 3886 2041 3946; x_wconf 85' lang='lat' dir='ltr'>hyrundo</span> <span class='ocrx_word' id='word_1_268' title='bbox 2075 3885 2226 3943; x_wconf 77' lang='lat' dir='ltr'>qus</span> <span class='ocrx_word' id='word_1_269' title='bbox 2429 3886 2493 3931; x_wconf 81' lang='lat'>82</span> <span class='ocrx_word' id='word_1_270' title='bbox 2531 3901 2587 3932; x_wconf 88' lang='lat' dir='ltr'>se</span> 
     </span>
     <span class='ocr_line' id='line_1_37' title="bbox 761 3969 2587 4030; baseline 0.001 -15"><span class='ocrx_word' id='word_1_271' title='bbox 761 3977 899 4016; x_wconf 83' lang='lat' dir='ltr'>terra</span> <span class='ocrx_word' id='word_1_272' title='bbox 937 3970 973 4016; x_wconf 77' lang='lat' dir='ltr'>A</span> <span class='ocrx_word' id='word_1_273' title='bbox 1178 3971 1244 4028; x_wconf 84' lang='lat'>83</span> <span class='ocrx_word' id='word_1_274' title='bbox 1280 3969 1511 4030; x_wconf 87' lang='lat' dir='ltr'>diruptos</span> <span class='ocrx_word' id='word_1_275' title='bbox 1545 3970 1619 4017; x_wconf 88' lang='lat' dir='ltr'>SA</span> <span class='ocrx_word' id='word_1_276' title='bbox 1658 3970 1889 4017; x_wconf 89' lang='lat' dir='ltr'>diductos</span> <span class='ocrx_word' id='word_1_277' title='bbox 1925 3981 1961 4016; x_wconf 77' lang='grc' dir='ltr'>ει</span> <span class='ocrx_word' id='word_1_278' title='bbox 1994 3970 2239 4016; x_wconf 86' lang='lat' dir='ltr'>deductos</span> <span class='ocrx_word' id='word_1_279' title='bbox 2275 3969 2320 4016; x_wconf 76' lang='lat' dir='ltr'>R</span> <span class='ocrx_word' id='word_1_280' title='bbox 2507 3985 2587 4029; x_wconf 64' lang='lat' dir='ltr'>qus</span> 
     </span>
     <span class='ocr_line' id='line_1_38' title="bbox 760 4054 2587 4121; baseline 0 -20"><span class='ocrx_word' id='word_1_281' title='bbox 760 4054 913 4102; x_wconf 73' lang='lat' dir='ltr'>Sbms</span> <span class='ocrx_word' id='word_1_282' title='bbox 970 4060 1121 4114; x_wconf 85' lang='lat' dir='ltr'>quata</span> <span class='ocrx_word' id='word_1_283' title='bbox 1176 4058 1213 4102; x_wconf 81' lang='lat' dir='ltr'>A</span> <span class='ocrx_word' id='word_1_284' title='bbox 1428 4056 1491 4113; x_wconf 82' lang='lat'>84</span> <span class='ocrx_word' id='word_1_285' title='bbox 1549 4055 1721 4115; x_wconf 82' lang='lat' dir='ltr'>pigeat</span> <span class='ocrx_word' id='word_1_286' title='bbox 1772 4067 1874 4113; x_wconf 71' lang='lat' dir='ltr'>aeq</span> <span class='ocrx_word' id='word_1_287' title='bbox 1929 4055 2134 4115; x_wconf 86' lang='lat' dir='ltr'>(pudeat</span> <span class='ocrx_word' id='word_1_288' title='bbox 2182 4054 2236 4100; x_wconf 79' lang='lat' dir='ltr'>in</span> <span class='ocrx_word' id='word_1_289' title='bbox 2290 4057 2482 4115; x_wconf 81' lang='lat' dir='ltr'>marg.)</span> <span class='ocrx_word' id='word_1_290' title='bbox 2537 4057 2587 4121; x_wconf 79' lang='grc' dir='ltr'>μ.1</span> 
     </span>
     <span class='ocr_line' id='line_1_39' title="bbox 762 4138 2587 4212; baseline -0.001 -26"><span class='ocrx_word' id='word_1_291' title='bbox 762 4154 938 4200; x_wconf 81' lang='lat' dir='ltr'>marg.</span> <span class='ocrx_word' id='word_1_292' title='bbox 976 4140 1163 4200; x_wconf 82' lang='lat' dir='ltr'>pigeat)</span> <span class='ocrx_word' id='word_1_293' title='bbox 1200 4139 1233 4185; x_wconf 75' lang='lat' dir='ltr'>d</span> <span class='ocrx_word' id='word_1_294' title='bbox 1456 4139 1598 4186; x_wconf 86' lang='lat' dir='ltr'>fesso</span> <span class='ocrx_word' id='word_1_295' title='bbox 1631 4151 1681 4186; x_wconf 87' lang='lat' dir='ltr'>m</span> <span class='ocrx_word' id='word_1_296' title='bbox 1719 4140 1748 4193; x_wconf 87' lang='lat' dir='ltr'>(i</span> <span class='ocrx_word' id='word_1_297' title='bbox 1785 4145 1951 4201; x_wconf 81' lang='lat' dir='ltr'>supra</span> <span class='ocrx_word' id='word_1_298' title='bbox 1986 4155 2016 4185; x_wconf 91' lang='lat' dir='ltr'>e</span> <span class='ocrx_word' id='word_1_299' title='bbox 2051 4143 2169 4191; x_wconf 80' lang='lat' dir='ltr'>scr.)</span> <span class='ocrx_word' id='word_1_300' title='bbox 2206 4139 2239 4185; x_wconf 75' lang='lat' dir='ltr'>d</span> <span class='ocrx_word' id='word_1_301' title='bbox 2265 4138 2320 4185; x_wconf 77' lang='lat' dir='ltr'>in</span> <span class='ocrx_word' id='word_1_302' title='bbox 2347 4152 2522 4200; x_wconf 77' lang='lat' dir='ltr'>marg.</span> <span class='ocrx_word' id='word_1_303' title='bbox 2551 4156 2587 4212; x_wconf 74' lang='grc' dir='ltr'>μ</span> 
     </span>
     <span class='ocr_line' id='line_1_40' title="bbox 762 4221 2242 4292; baseline 0.001 -23"><span class='ocrx_word' id='word_1_304' title='bbox 762 4221 991 4285; x_wconf 73' lang='lat' dir='ltr'>mundills</span> <span class='ocrx_word' id='word_1_305' title='bbox 1026 4224 1066 4281; x_wconf 72' lang='lat' dir='ltr'>A</span> <span class='ocrx_word' id='word_1_306' title='bbox 1270 4224 1337 4280; x_wconf 73' lang='lat'>66</span> <span class='ocrx_word' id='word_1_307' title='bbox 1373 4223 1553 4284; x_wconf 88' lang='lat' dir='ltr'>pluuiis</span> <span class='ocrx_word' id='word_1_308' title='bbox 1589 4224 1623 4271; x_wconf 90' lang='lat' dir='ltr'>S</span> <span class='ocrx_word' id='word_1_309' title='bbox 1658 4223 1821 4286; x_wconf 86' lang='lat' dir='ltr'>puluis</span> <span class='ocrx_word' id='word_1_310' title='bbox 1859 4224 1943 4272; x_wconf 77' lang='lat' dir='ltr'>AR</span> <span class='ocrx_word' id='word_1_311' title='bbox 1977 4225 2174 4292; x_wconf 86' lang='lat' dir='ltr'>puluuis</span> <span class='ocrx_word' id='word_1_312' title='bbox 2209 4223 2242 4277; x_wconf 74' lang='lat' dir='ltr'>d</span> 
     </span>
    </p>
   </div>
   <div class='ocr_carea' id='block_1_8' title="bbox 522 4910 2592 5360">
    <p class='ocr_par' dir='ltr' id='par_1_14' title="bbox 522 4910 2592 5360">
     <span class='ocr_line' id='line_1_41' title="bbox 522 4910 2592 5360; baseline 0 199"><span class='ocrx_word' id='word_1_313' title='bbox 522 4910 2592 5360; x_wconf 95' lang='lat' dir='ltr'> </span> 
     </span>
    </p>
   </div>
  </div>
 </body>
</html>
