3109 5559
1897 234 2017 302 Rei
2047 236 2325 303 rusticae
2354 234 2468 301 lib.
2500 235 2542 300 >1

625 442 660 492 5
714 434 792 478 se
831 412 1123 500 pondere
1163 434 1285 478 suo
1324 434 1585 498 pressae
1623 411 2059 478 conlidantur.
2103 412 2343 479 deinde
2382 435 2542 478 aeno

711 516 905 585 fictili
974 518 1193 604 ampla
1263 533 1713 605 praeparatam
1784 518 2052 585 lixiuam
2121 518 2358 585 cineris
2427 540 2542 584 sar1

709 624 1052 704 conuenit,
1084 646 1253 712 quae
1282 647 1438 691 curn
1465 624 1771 704 feruebit,
1802 625 2115 711 exiguum
2143 624 2270 691 olei
2300 646 2503 711 quam
2531 650 2542 688 ι

711 731 1118 818 permisceri,
1158 731 1398 798 deinde
1432 753 1600 798 uuas
1635 754 1757 818 pro
1792 731 2247 817 magnitudine
2282 731 2471 797 binas
2506 754 2542 797 u

710 837 1076 924 conligatas
1108 838 1178 904 in
1212 860 1453 904 aenum
1486 837 1752 904 feruens
1786 838 2045 905 demitti
2077 851 2144 905 et
2176 838 2489 924 exiguum
2522 862 2542 924 1

590 974 664 1011 10
715 958 971 1023 rentur,
1010 965 1133 1011 nec
1167 966 1396 1010 rursus
1430 945 1862 1024 committere,
1899 958 1977 1011 ut
2009 958 2482 1031 excoquantur3
2521 967 2542 1009 1

717 1050 1057 1117 deratione
1109 1065 1763 1138 temperamentoque
1817 1072 1987 1139 opus
2039 1064 2158 1117 est.
2248 1072 2290 1118 2
2333 1072 2489 1117 cum

713 1157 790 1223 in
816 1171 991 1223 crate
1019 1157 1354 1245 disponito
1380 1157 1609 1236 rariuS,
1639 1179 1842 1245 quarn
1867 1171 1942 1223 ut
1969 1157 2168 1223 altera
2193 1157 2461 1223 alteram
2488 1179 2542 1223 c<

716 1263 963 1330 deinde
990 1263 1183 1330 horas
1208 1286 1748 1351 unamquamque
1774 1285 1977 1330 uuam
2002 1263 2370 1331 conuertito
2397 1284 2519 1330 nec

713 1370 1044 1456 reponito,
1076 1392 1159 1436 ne
1188 1369 1258 1436 in
1284 1392 1538 1450 umore,
1571 1370 1688 1456 qui
1716 1368 2081 1450 defluxerit,
2112 1384 2538 1457 corrumpam

591 1506 656 1555 15
710 1475 980 1562 contegi
1012 1475 1258 1542 debent
1290 1475 1859 1563 quemadmodum
1889 1474 2020 1555 fici,
2056 1489 2131 1541 ut
2163 1498 2201 1541 a
2234 1497 2378 1542 rore
2412 1475 2520 1541 uel

713 1605 880 1649 cum
914 1581 1153 1649 deinde
1191 1582 1450 1649 modice
1487 1583 1796 1662 aruerint,
1837 1582 1905 1648 in
1943 1604 2099 1648 uasa
2135 1604 2310 1649 noua
2345 1582 2486 1648 sine
2523 1606 2543 1668 1

713 1703 992 1776 gypsata
1022 1689 1196 1755 sicco
1227 1689 1373 1756 loco
1404 1689 1727 1775 reponit0.

713 1917 952 1985 Aliter

799 2080 848 2142 3
893 2060 1185 2136 Quidam
1226 2083 1429 2126 uuam
1469 2081 1731 2147 passam
1771 2059 1947 2126 foliis
1984 2058 2284 2126 ficulneis
2325 2059 2542 2126 inuolu

593 2196 668 2233 20
715 2165 830 2232 alii
858 2165 1033 2232 foliis
1057 2165 1409 2253 uitigineis,
1438 2165 1741 2233 nonnulli
1767 2166 2116 2253 plataninis
2142 2165 2541 2232 semiuietas‘

715 2273 813 2339 ita
841 2273 911 2339 in
940 2272 1291 2359 amphoras
1320 2273 1708 2339 recondunt.
1741 2287 1897 2339 sunt
1926 2273 2043 2358 qui
2072 2272 2327 2339 culmos
2356 2271 2543 2338 fabae

716 2379 906 2465 quod
932 2380 1387 2459 cremauerint,
1414 2380 1741 2445 cineream
1766 2378 2034 2445 lixiuam
2058 2378 2319 2458 faciant,
2348 2378 2542 2445 deind

715 2485 854 2552 rios
885 2485 1116 2552 decem
1144 2485 1296 2552 salis
1324 2500 1457 2553 tres
1485 2484 1756 2572 cyathos
1785 2499 1851 2551 et
1879 2485 2007 2552 olei
2035 2484 2347 2571 cyathum
2375 2484 2544 2551 adici

715 2594 874 2678 igne
908 2591 1288 2659 calefaciant
1320 2607 1386 2658 et
1419 2607 1634 2658 cetera
1665 2592 1902 2658 eodem
1934 2591 2136 2657 modo
2170 2591 2542 2657 administre

598 2728 664 2777 25
716 2699 903 2765 bitur
929 2698 1000 2764 in
1026 2721 1192 2765 aeno
1218 2721 1454 2785 parum
1482 2699 1694 2765 inesse
1721 2698 1869 2778 olei,
1899 2697 2202 2777 subinde,
2233 2712 2539 2785 quantun

713 2820 853 2884 tur,
882 2826 1017 2890 quo
1042 2806 1127 2871 sit
1151 2805 1458 2893 pinguior
1480 2819 1547 2871 et
1573 2805 1842 2872 nitidior
1865 2827 1998 2871 uua
2020 2826 2229 2891 passa.

723 3035 845 3100 De
874 3034 1115 3101 sorbis

816 3196 858 3258 4
895 3175 1150 3243 Eodem
1185 3190 1483 3263 tempore
1521 3175 1716 3243 sorba
1753 3198 1954 3242 manu
1992 3175 2158 3242 lecta
2195 3176 2447 3243 curiose
2488 3176 2538 3241 ir

717 3282 987 3362 adicito,
1024 3297 1090 3349 et
1123 3283 1431 3370 opercula
1463 3283 1677 3369 picata
1711 3281 2011 3369 inponito
2046 3296 2112 3348 et
2144 3305 2353 3369 gypso
2387 3282 2535 3348 linit-

805 3457 899 3511 16:
929 3459 1100 3522 19-26
1120 3458 1261 3512 Ptin.
1285 3469 1396 3511 nat.
1423 3459 1687 3523 15,66-67
1722 3486 1761 3496 -
1796 3459 1972 3524 28-38
1992 3458 2132 3512 Ptin.
2157 3469 2269 3512 nat.
2295 3459 2482 3524 15,61,·
2504 3459 2536 3510 Ι

799 3599 2534 3667 16=1pr.sAh>s‹;-2aluassA-3maximeA-5ah

718 3706 896 3743 aeneo
915 3688 994 3755 bp
1014 3690 1253 3742 aeheneo
1271 3689 1380 3755 12¹5
1412 3717 1451 3727 -
1486 3690 1786 3743 61ixiuiam
1806 3689 2011 3743 mmm
2029 3691 2273 3744 lixiniam
2294 3691 2385 3742 αι’
2406 3691 2534 3744 liuxi

721 3778 890 3831 Schn.
913 3779 1233 3831 sarmentiui
1252 3779 1345 3832 SA
1362 3780 1623 3832 sarmenti
1642 3780 1694 3831 R
1728 3807 1766 3817 -
1801 3796 1835 3843 9
1856 3797 2056 3832 aenum
2074 3779 2229 3845 A¹bc
2249 3781 2469 3832 aenium
2489 3780 2530 3832 S

719 3866 801 3920 A·
827 3867 1101 3919 aheneum
1124 3866 1324 3933 himfy
1357 3895 1396 3905 -
1437 3884 1501 3920 ro
1526 3879 1864 3933 excoquatur
1887 3868 1941 3921 A
1973 3895 2012 3905 -
2052 3886 2109 3921 11
2140 3879 2532 3933 temperamem

719 3955 764 4010 S
788 3957 1174 4021 temperatiore
1196 3956 1250 4009 A
1281 3983 1320 3994 -
1355 3968 1437 4009 est
1462 3974 1560 4009 om.
1588 3957 1628 4010 S
1661 3984 1700 3994 -
1741 3974 1805 4011 12
1829 3968 1975 4010 crate
1999 3958 2279 4022 disponito
2303 3957 2460 4022 (-sito
2484 3957 2531 4009 b³

719 4045 921 4111 ponito
937 4044 977 4097 S
993 4046 1246 4098 canteriis
1264 4046 1436 4110 (·the·
1453 4047 1511 4112 ρ)
1529 4047 1723 4110 ponito
1740 4045 2022 4112 Ahjb¹py¹
2055 4073 2095 4083 -
2135 4047 2199 4099 16
2216 4058 2339 4099 tum
2354 4046 2447 4099 SA
2478 4074 2516 4082 -

720 4134 797 4187 rit
829 4133 892 4186 8ι
924 4135 1125 4187 aruerit
1157 4134 1274 4187 S¹A
1305 4162 1344 4172 -
1385 4135 1448 4187 18
1475 4145 1560 4200 pr.
1595 4135 1805 4201 sAhyq
1838 4162 1877 4172 -
1918 4152 1981 4199 19
2014 4135 2139 4188 folia
2171 4135 2233 4188 S²
2269 4162 2307 4173 -—
2342 4152 2412 4189 20
2444 4136 2530 4188 alii

720 4223 962 4288 platanis
995 4222 1049 4275 A
1081 4250 1120 4260 -
1154 4224 1465 4276 semiuietas
1499 4223 1545 4275 h
1578 4225 1857 4277 semiuitas
1892 4224 2054 4277 SAm
2087 4224 2391 4277 semiuittas
2419 4223 2530 4289 jhs}

721 4312 807 4365 im
837 4310 914 4363 A¹
947 4338 987 4348 -
1020 4313 1333 4366 recundunt
1361 4312 1425 4365 8ι
1459 4339 1498 4349 -
1533 4312 1659 4366 saue
1688 4313 1742 4366 A
1774 4340 1813 4350 -
1848 4329 1917 4366 22
1948 4313 2271 4365 cremauerit
2301 4312 2395 4366 SA
2427 4340 2465 4348 -
2499 4330 2528 4364 c

721 4399 1706 4466 lixiuiame-lixiuiaeffl-23
1740 4401 2528 4467 alisS-quiathosS-quss

722 4506 858 4543 cum
882 4488 923 4542 S
945 4500 1062 4541 tam
1085 4504 1120 4556 ρ
1154 4517 1193 4527 -
1228 4506 1299 4554 24
1322 4490 1607 4544 calfaciant
1631 4490 1671 4543 S
1704 4517 1742 4527 -
1778 4506 1843 4555 25
1872 4491 2048 4544 aheno
2071 4490 2147 4544 A¹
2171 4492 2381 4544 aheneo
2403 4488 2528 4554 him

725 4592 796 4642 27
816 4588 902 4644 pr.
930 4578 1172 4644 sam-w
1205 4605 1244 4616 -
1279 4579 1347 4632 28
1373 4595 1535 4632 sorus
1559 4579 1622 4632 8ι
1647 4596 1847 4632 soruua
1871 4580 1945 4633 A¹
1980 4607 2019 4618 -
2052 4581 2289 4635 urciolos
2314 4575 2526 4641 S¹Ahjn
