3109 5559
613 208 689 273 52
1199 210 1255 256 L.
1291 211 1436 257 IVNI
1469 209 1818 257 MODERATI
1852 210 2291 257 coLquLLAE

551 384 592 445 4
694 374 904 436 Media
930 393 1147 436 rursus
1172 381 1424 436 terrena
1450 393 1600 454 pars
1625 393 1760 436 esse
1787 374 2000 446 debet,
2029 380 2103 435 ut
2135 372 2460 435 colocasiis
2485 379 2883 434 conseratur

610 481 879 561 aliisque
915 481 1339 542 familiaribus
1375 482 1670 560 a[t]quae
1706 479 2020 542 uiridibus
2055 499 2222 559 quae
2257 480 2603 560 inopacant
2637 479 2882 541 auium

611 588 1031 666 receptacula.
1070 594 1221 649 sunt
1257 587 1428 649 enim
1463 586 1700 666 quibus
1733 586 1909 648 cordi
1943 594 2042 648 est
2077 586 2182 647 uel
2215 586 2438 648 insulis
2472 585 2880 648 tamaricum

611 702 727 756 aut
764 694 1115 773 scirporum
1151 693 1444 756 frutectis
1478 693 1825 765 immorari,
1863 712 1981 754 nec
2016 693 2103 754 ob
2137 693 2303 754 hanc
2339 699 2560 754 tamen
2594 711 2880 753 causam

611 807 791 862 totus
818 801 994 862 lacus
1020 801 1265 862 siluulis
1291 807 1659 879 occupetur,
1689 800 1821 872 sed,
1850 806 1926 861 ut
1955 799 2109 872 dixi,
2139 817 2253 878 per
2278 798 2616 860 circuitum
2645 806 2876 870 uacet,
2903 816 2940 864 5

610 913 686 969 ut
725 907 860 968 sine
897 907 1355 986 inpediment0‚
1397 926 1545 968 cum
1584 906 1922 987 apricitate
1960 905 2085 967 diei
2122 906 2406 985 gestiunt
2446 923 2617 976 aues,
2658 905 2880 966 nandi

552 1019 589 1082 5
611 1013 953 1075 uelocitate
983 1019 1371 1075 concertent.
1404 1032 1559 1074 nam
1590 1012 2136 1092 quemadmodum
2168 1011 2531 1073 desiderant
2561 1030 2696 1072 asse
2726 1030 2880 1090 quo

609 1121 906 1199 inrepant
925 1126 991 1181 et
1010 1119 1123 1180 ubi
1142 1119 1647 1181 delitiscentibus
1664 1118 2036 1180 fluuialibus
2055 1117 2439 1180 animalibus
2456 1117 2877 1188 insidientur,

609 1225 705 1288 ita
736 1226 1157 1288 offenduntur
1187 1226 1240 1287 si
1270 1245 1400 1287 non
1432 1233 1585 1287 sunt
1619 1225 1818 1287 libera
1848 1224 2061 1305 spatia
2091 1244 2257 1304 quae
2289 1230 2636 1303 permeent.
2671 1231 2878 1285 extra

610 1334 821 1394 lacum
849 1332 1078 1394 deinde
1105 1351 1219 1412 per
1244 1332 1506 1412 uigenos
1531 1332 1818 1411 undique
1844 1332 2038 1412 pedes
2064 1331 2348 1411 gramine
2376 1331 2550 1410 ripae
2575 1329 2876 1392 uestian-
2907 1346 2979 1383 ιο

610 1447 736 1511 tur;
791 1439 1048 1519 sintque
1100 1446 1246 1519 post
1299 1439 1472 1500 hunc
1525 1438 1660 1518 agri
1712 1438 1978 1499 modum
2031 1437 2198 1500 circa
2248 1437 2591 1499 maceriam
2643 1436 2876 1515 lapide

611 1545 926 1607 fabricata
975 1553 1041 1607 et
1091 1545 1376 1625 expolita
1425 1544 1710 1607 tectoriis
1759 1544 2013 1624 pedalia
2062 1544 2130 1605 in
2180 1543 2570 1623 quadratum
2622 1542 2878 1604 cubilia

609 1651 845 1732 quibus
868 1652 1269 1713 innidificent
1294 1670 1467 1723 aues,
1494 1670 1698 1731 eaque
1722 1657 2149 1730 contegantur
2171 1649 2480 1712 intersitis
2503 1648 2731 1711 buxeis
2753 1650 2878 1710 uel

609 1759 875 1838 myrteis
911 1758 1265 1830 fruticibuS,
1305 1757 1418 1837 qui
1451 1777 1581 1819 non
1618 1758 1933 1819 excedant
1970 1757 2379 1818 altitudinem
2415 1756 2753 1836 parietum.

550 1859 590 1921 6
694 1865 932 1927 Statim
983 1864 1211 1926 deinde
1262 1871 1611 1944 perpetuus
1659 1863 2047 1925 canaliculus
2096 1863 2277 1924 humi
2326 1862 2661 1942 depressus
2709 1878 2875 1922 con·
2903 1881 2976 1930 15

611 1978 919 2042 struatur,
954 1990 1066 2050 per
1096 1990 1289 2050 quem
1320 1969 1586 2032 cottidie
1616 1969 1806 2031 mixti
1836 1989 1984 2031 cum
2015 1988 2187 2049 aqua
2216 1969 2343 2030 cibi
2371 1969 2734 2030 decurrant.
2765 1967 2876 2030 sic

612 2077 783 2139 enim
822 2078 1170 2157 pabulatur
1205 2076 1273 2138 id
1310 2096 1509 2156 genus
1545 2076 1786 2138 auium.
1826 2075 2189 2155 gratissima
2225 2081 2323 2137 est
2361 2094 2506 2136 esca
2542 2073 2876 2136 terrestris

686 2290 854 2338 11-13
896 2277 1062 2328 Varro
1091 2282 1224 2327 rust.
1256 2289 1309 2338 3,
1331 2290 1418 2335 rr,
1441 2289 1472 2325 2
1740 2289 1982 2339 17-5314
2013 2275 2175 2340 Geop.
2209 2288 2295 2338 14,
2318 2287 2404 2336 23,
2430 2287 2535 2336 2—:3

614 2380 784 2430 15-17
827 2366 995 2416 Varro
1024 2372 1155 2416 ruse.
1188 2379 1240 2428 3,
1263 2379 1349 2424 11,
1371 2379 1403 2415 2
1627 2378 1815 2428 17-53:
1837 2379 1870 2428 4
1912 2365 2078 2415 Varro
2107 2369 2241 2414 rust.
2274 2376 2327 2425 3,
2354 2376 2440 2422 n,
2465 2375 2501 2424 3

683 2543 712 2576 2
747 2541 928 2592 aquae
958 2527 1037 2576 ed.
1073 2526 1234 2575 Ald..·
1263 2530 1435 2591 atque
1466 2526 1616 2576 codd.
1656 2525 1754 2588 (cfr
1781 2540 1826 2575 e.
1842 2540 1890 2588 g.
1924 2537 1975 2588 7,
1996 2538 2048 2587 3,
2070 2537 2140 2575 20
2162 2525 2285 2582 018,
2310 2537 2362 2586 3,
2385 2524 2439 2587 9)
2592 2524 2784 2574 uiridis
2811 2519 2878 2574 A

825 2629 856 2677 3
892 2617 951 2664 in
984 2621 1113 2665 ante
1142 2615 1338 2665 insulis
1368 2615 1492 2665 add.
1524 2611 1749 2683 oeflqnx²
1922 2614 2258 2663 tamaricum
2288 2613 2376 2663 uel
2404 2613 2778 2663 thamaricum
2810 2608 2879 2664 R

608 2706 973 2757 tramaricum
1004 2698 1090 2754 SA
1118 2718 1185 2753 ea
1217 2705 1485 2754 maritum
1513 2700 1550 2754 ί
1743 2717 1776 2766 4
1805 2704 2112 2767 stirporum
2141 2697 2193 2752 R
2222 2701 2424 2766 aliquot
2601 2700 2877 2752 frutectis

606 2790 784 2846 ΒΑΜ
830 2793 1167 2843 frutectibus
1196 2787 1270 2840 Al
1320 2792 1577 2843 fructetis
1606 2787 1658 2842 R
1687 2791 1917 2842 frutecis
1945 2793 1990 2848 (ι’
2011 2791 2237 2842 frutetis
2266 2786 2371 2848 dno
2399 2790 2631 2841 frucetis
2661 2786 2681 2847 i
2713 2790 2876 2840 fruc-

606 2886 749 2934 tices
778 2878 933 2953 qux¹t
975 2881 1226 2932 fructicis
1272 2891 1301 2931 Ι
1332 2881 1621 2931 fructectis
1650 2890 1687 2937 y
1714 2880 2007 2930 structetis
2036 2890 2089 2929 w
2267 2892 2299 2942 5
2331 2879 2484 2929 lacus
2514 2873 2600 2929 SA
2627 2880 2780 2929 locus
2811 2875 2880 2931 R

824 2971 1060 3033 siluulis]
1094 2970 1329 3034 siliginis
1359 2967 1449 3020 εἰ*
1646 2972 1682 3019 6
1709 2969 2066 3033 apricitatem
2095 2963 2184 3019 SA
2358 2968 2472 3018 diei
2499 2963 2554 3018 R.
2570 2967 2662 3018 die
2684 2962 2720 3017 Β
2739 2968 2876 3018 diez

608 3059 894 3130 edwium
921 3060 1005 3110 di·
1035 3054 1086 3107 A
1276 3073 1412 3109 aues
1441 3074 1544 3108 om.
1578 3054 1602 3108 t
1817 3071 1848 3122 7
1879 3058 2360 3122 quamadmodum
2388 3052 2499 3114 Alc
2695 3070 2816 3122 quo
2851 3053 2879 3108 1

607 3152 711 3216 qui
739 3145 874 3201 SAR
909 3150 1007 3212 (cfr
1036 3150 1089 3207 8,
1111 3161 1163 3211 4,
1185 3148 1237 3212 6)
1458 3148 1492 3196 8
1522 3148 1981 3198 delitescentibus
2009 3142 2061 3197 R
2274 3146 2582 3196 fluuiaticis
2609 3141 2661 3196 R

608 3240 953 3291 insidiantur
980 3232 1003 3287 l
1029 3237 1391 3287 insidientern
1423 3233 1463 3286 k
1491 3237 1807 3286 insideatur
1836 3237 1930 3305 91²
1960 3251 2064 3286 om.
2094 3244 2136 3284 n
2313 3249 2349 3295 9
2374 3236 2462 3285 ita
2481 3230 2569 3285 ΒΕ
2589 3238 2654 3285 ut
2676 3227 2727 3283 A

608 3328 961 3379 effodiuntur
990 3321 1323 3396 ΒΑΙκγΙτπ
1352 3325 1636 3376 effodiunt
1665 3321 1702 3375 ί
1915 3326 2031 3375 sint
2061 3318 2147 3374 SA
2175 3329 2226 3374 et
2256 3319 2311 3374 R
2337 3323 2539 3389 aliquot
2713 3338 2877 3389 quae

610 3414 646 3469 Β
676 3433 789 3483 qua
818 3412 870 3466 R
899 3432 1004 3468 om.
1039 3410 1090 3463 A
1267 3415 1556 3479 pernicent
1600 3415 1689 3464 uel
1718 3416 2007 3479 peruicent
2037 3413 2323 3483 msssqnffiv
2351 3414 2643 3478 pornicent
2671 3420 2708 3461 o
2737 3426 2876 3477 per—

610 3507 767 3559 uitae
797 3503 837 3556 fi
990 3519 1054 3553 10
1084 3505 1314 3568 uigenos
1343 3499 1419 3554 ck
1448 3505 1674 3554 uicenos
1704 3498 1806 3554 AB.
1950 3503 2198 3567 undequi
2227 3496 2313 3552 SA
2457 3501 2632 3566 pedos
2652 3494 2727 3550 A²

617 3610 677 3646 11
710 3598 955 3660 suntque
1003 3589 1089 3643 Ab
1326 3606 1387 3642 12
1421 3591 1698 3643 fabricata
1746 3587 1896 3643 ΒΑοο
1941 3592 2275 3641 fabricatam
2322 3586 2377 3641 R
2422 3591 2763 3640 fabricatum
2792 3598 2879 3642 ω

611 3685 983 3735 fabrefactam
1005 3680 1041 3733 ὅ
1173 3682 1460 3746 expoliata
1482 3677 1554 3738 ὃς
1694 3694 1755 3742 13
1785 3681 2080 3731 nidificent
2108 3675 2160 3730 R
2180 3679 2478 3731 nidificant
2499 3676 2539 3729 k
2670 3683 2877 3729 conte—

611 3779 777 3840 gatur
799 3767 952 3842 ΒΑφ
1143 3771 1534 3822 insistentibus
1564 3779 1600 3828 p
1791 3770 1900 3833 uel]
1934 3773 2035 3820 aut
2067 3765 2217 3839 οᾱίιγ
2419 3782 2482 3832 14
2513 3768 2765 3832 myrticis
2792 3766 2874 3820 81

612 3863 845 3913 mirticis
874 3858 947 3911 wi
976 3862 1235 3925 myrtetis
1264 3870 1323 3910 m
1352 3860 1595 3910 mirtetis
1623 3854 1722 3909 oth
1884 3858 2180 3909 fruticibus
2209 3851 2427 3915 Malli!
2456 3856 2781 3908 fructicibus
2812 3853 2881 3909 R

690 3966 751 4014 15
783 3951 1063 4001 canalicus
1093 3945 1166 3998 Al
1360 3951 1425 3997 16
1453 3949 1660 3999 cotidie
1690 3942 1800 3998 Aul
1828 3947 2156 4012 quot(t)idie
2185 3942 2237 3996 R.
2412 3946 2544 4008 cibi]
2577 3945 2684 3996 sibi
2712 3940 2880 4019 οᾱιγ

617 4042 752 4105 (exc.
787 4036 826 4104 t)
863 4057 965 4091 om.
998 4048 1030 4089 ο
1198 4051 1261 4101 17
1290 4038 1596 4103 pabulatur
1625 4032 1677 4086 R.
1698 4037 1989 4087 rabulatur
2010 4030 2061 4086 A
2082 4036 2407 4086 ambulatur
2429 4030 2465 4085 Β
2486 4035 2879 4101 depabulatur

610 4115 728 4199 πψ
945 4134 1064 4193 post
1092 4133 1179 4178 est
1209 4128 1332 4178 add.
1366 4131 1423 4176 et
1454 4128 1649 4196 αιφιιῑ
1865 4139 1991 4175 esca
2022 4140 2125 4176 om.
2158 4124 2269 4175 ιωῑ
2301 4128 2454 4193 estas
2483 4134 2515 4173 Ι
