3109 5559
68 493 138 542 45

72 1024 142 1073 50

81 1555 145 1604 55

92 3146 157 3196 70

1559 71 1677 138 Rei
1709 72 1987 138 rusticae
2017 71 2129 138 lib.
2166 72 2273 137 ΙΙΙ
2305 93 2362 138 c.
2395 93 2436 139 2
2565 93 2640 139 21

182 251 477 317 duarum
532 250 750 316 minor
795 250 997 336 uulgo
1043 249 1401 328 notissima,
1452 249 1701 335 quippe
1744 249 2142 335 Campaniae
2189 249 2647 317 celeberrimos

181 356 466 422 Vesuuii
511 356 711 422 colles
745 356 1298 442 Surrentinosque
1333 356 1553 435 uestit;
1593 355 1813 421 hilaris
1850 356 2019 422 inter
2054 356 2336 422 aestiuos
2369 357 2647 423 Fauonii

187 463 409 543 flatus,
458 463 719 529 Austris
768 462 1117 550 adfligitur.
1209 484 1291 526 ιι
1335 463 1567 529 ceteris
1617 462 1836 549 itaque
1885 461 2182 549 partibus
2234 463 2459 529 Italiae
2506 487 2645 531 non

182 584 328 636 tam
374 570 591 636 uineis
641 592 843 656 quam
891 569 1160 635 arbusto
1210 583 1309 636 est
1357 569 1613 648 idonea,
1666 591 1820 635 cum
1870 569 2219 655 praedictis
2267 569 2648 656 regionibus

184 677 728 757 commodissime
772 677 1000 762 iugum
1042 677 1376 742 sustineat.
1423 676 1764 742 materiam
1803 675 2249 762 fructumque,
2294 676 2420 742 nisi
2463 679 2646 764 quod

185 782 548 869 duplicem,
575 805 711 849 non
734 782 1101 848 absimilem
1124 783 1363 849 minori
1384 803 1731 868 germanae
1753 783 1938 868 gerit,
1965 783 2136 849 sicut
2157 783 2366 848 maior
2385 784 2649 869 gemina

184 889 422 954 maiori
450 910 815 974 germanae,
847 910 1014 976 quae
1041 902 1262 955 tamen
1289 889 1506 954 minor
1532 888 1660 954 hoc
1687 888 1918 955 melior
1944 902 2062 968 est,
2094 890 2276 975 quod
2303 889 2648 956 fecundior

186 996 391 1061 etiam
428 994 747 1061 mediocri
780 995 941 1074 solo;
979 1018 1132 1061 nam
1166 994 1345 1060 illam
1380 995 1506 1060 nisi
1540 994 1929 1082 praepingui
1962 1009 2169 1061 terrae
2205 1017 2340 1061 non
2376 1017 2646 1082 respon-

186 1102 347 1168 dere
377 1102 512 1167 iam
542 1101 797 1167 dictum
826 1115 943 1167 est.

277 1229 360 1275 ιε
407 1209 729 1274 Lanatam
769 1230 1035 1294 quoque
1065 1208 1462 1274 Aminneam
1500 1208 1772 1294 quidam
1809 1208 2092 1274 maxime
2129 1208 2430 1294 probant,
2472 1230 2641 1294 quae

187 1315 316 1381 hoc
348 1314 754 1381 uocabulum
784 1337 919 1380 non
948 1315 1097 1381 ideo
1127 1328 1420 1401 usurpat,
1454 1315 1638 1400 quod
1667 1315 1805 1380 sola
1832 1336 1912 1380 ex
1940 1314 2251 1381 omnibus
2275 1315 2641 1394 Aminneis,

185 1444 428 1487 uerum
452 1420 635 1507 quod
659 1421 1008 1507 praecipue
1032 1422 1316 1487 canescit
1338 1420 1666 1507 lanugine;
1692 1442 1847 1487 sane
1871 1420 2030 1486 boni
2055 1421 2215 1499 uini,
2243 1422 2360 1487 sed
2384 1420 2648 1487 lenioris

194 1550 399 1614 quam
455 1528 844 1614 superiores;
901 1527 1198 1593 crebram
1253 1549 1521 1614 quoque
1577 1528 1915 1592 materiam
1970 1527 2191 1593 fundit
2246 1541 2443 1614 atque
2497 1528 2648 1593 ideo

188 1648 463 1721 propter
486 1634 784 1720 pampini
807 1634 1197 1701 densitatem
1221 1656 1456 1720 parum
1479 1655 1673 1720 saepe
1696 1648 1869 1699 recte
1894 1633 2262 1700 deflorescit
2284 1635 2647 1720 eademque

188 1756 452 1808 maturo
483 1740 705 1806 fructu
735 1740 1028 1807 celeriter
1058 1741 1394 1827 putrescit.

277 1867 361 1929 13
404 1847 619 1932 Super
658 1846 837 1913 hunc
877 1869 1250 1926 numerum,
1295 1869 1497 1933 quem
1539 1847 1931 1926 rettulimus,
1976 1846 2324 1933 singularis
2364 1845 2648 1913 habetur

184 1955 515 2020 Aminnea
549 1953 780 2019 maiori
814 1975 1161 2039 germanae
1198 1976 1333 2019 non
1371 1953 1705 2019 dissimilis
1741 1954 1956 2040 prima
1989 1954 2206 2040 specie
2242 1953 2540 2040 pampini
2575 1967 2643 2020 et

188 2061 429 2140 trunci,
480 2060 599 2126 sed
646 2060 787 2126 uini
835 2082 1067 2147 sapore
1098 2060 1434 2149 aliquanto
1464 2060 1756 2139 inferior,
1792 2061 2101 2146 quamuis
2130 2059 2647 2146 generosissimis

190 2167 275 2231 sit
310 2166 627 2252 proxima,
664 2165 1088 2252 praeferenda
1120 2166 1317 2232 etiam
1351 2166 1635 2253 propriis
1668 2164 2046 2232 uirtutibus:
2085 2187 2238 2231 nam
2271 2180 2336 2231 et
2370 2165 2649 2232 feracior

190 2286 258 2338 et
283 2271 444 2338 flore
472 2272 706 2338 melius
731 2272 992 2338 exuitur
1016 2272 1389 2358 spissasque
1416 2286 1483 2338 et
1507 2272 1758 2338 albidas
1783 2293 1950 2337 uuas
1975 2292 2051 2337 ac
2076 2272 2448 2338 tumidioris
2475 2272 2646 2339 acini

189 2378 377 2463 gerit,
422 2378 645 2464 gracili
689 2400 847 2444 aruo
892 2401 1028 2445 non
1073 2379 1376 2445 desciscit
1418 2392 1617 2464 atque
1662 2379 1810 2444 ideo
1855 2377 2026 2444 inter
2068 2377 2432 2443 uberrimas
2475 2378 2647 2445 uites

197 2496 599 2550 numeratur.

275 2610 363 2678 14
404 2591 896 2657 Nomentaneae
916 2592 1057 2658 uini
1079 2591 1416 2658 nobilitate
1435 2590 1931 2677 subsequuntur
1943 2591 2322 2670 Aminneas,
2345 2591 2647 2657 fecundi-

189 2711 323 2763 tate
355 2719 517 2763 uero
550 2698 747 2763 etiam
779 2699 1233 2783 praeueniunt,
1271 2698 1519 2784 quippe
1552 2720 1708 2763 cum
1741 2720 1810 2763 se
1844 2697 2222 2784 frequenter
2255 2697 2547 2783 inpleant
2581 2712 2648 2765 et

191 2803 282 2882 id,
318 2803 502 2890 quod
532 2803 899 2883 ediderunt,
934 2804 1183 2890 optime
1214 2818 1502 2870 tuentur.
1537 2805 1655 2870 sed
1686 2826 1912 2870 earum
1943 2826 2211 2890 quoque
2242 2803 2515 2870 feracior
2545 2818 2649 2871 est

191 2910 427 2989 minor,
461 2909 651 2975 cuius
678 2923 745 2976 et
773 2910 1007 2976 folium
1037 2911 1296 2997 parcius
1325 2911 1647 2977 scinditur
1675 2924 1740 2976 et
1769 2911 2039 2976 materia
2068 2932 2202 2976 non
2231 2910 2322 2977 ita
2350 2910 2543 2976 rubet
2571 2925 2649 2977 ut

190 3016 475 3095 maioris,
514 3037 552 3080 a
585 3037 718 3101 quo
756 3017 971 3083 colore
1004 3015 1375 3083 rubellanae
1399 3030 1868 3103 nuncupantur
1889 3018 2290 3103 eaedemque
2315 3015 2644 3096 faeciniae,

197 3123 380 3208 quod
418 3122 571 3209 plus
608 3144 809 3208 quam
846 3138 1095 3190 ceterae
1134 3122 1331 3189 faecis
1368 3123 1694 3190 adferunt.
1787 3142 1871 3205 ις
1913 3124 1982 3190 id
2018 3137 2241 3189 tamen
2278 3123 2645 3189 incommo-

195 3230 359 3295 dum
399 3243 753 3315 repensant
786 3252 1069 3296 uuarum
1096 3229 1540 3310 multitudine,
1574 3251 1738 3315 quas
1765 3243 1831 3295 et
1858 3230 1927 3294 in
1954 3230 2195 3316 iugo[s]
2227 3243 2293 3295 et
2319 3229 2389 3294 in
2415 3229 2648 3296 arbore

195 3336 432 3401 melius
490 3334 819 3401 exhibent.
881 3350 1117 3402 uentos
1174 3350 1240 3402 et
1295 3334 1540 3401 imbres
1598 3336 1891 3401 ualenter
1947 3335 2290 3416 sufferunt,
2351 3335 2647 3402 celeriter

196 3617 402 3670 Sirecae
429 3632 470 3671 ο
503 3644 543 3654 -
577 3617 646 3681 48
674 3617 921 3670 absimile
946 3618 1038 3671 SA
1072 3645 1111 3655 -
1145 3635 1433 3682 germanae
1458 3617 1642 3683 ijyo
1667 3618 1911 3682 germina
1936 3617 2020 3670 Ar
2037 3619 2282 3683 germine
2307 3617 2385 3684 hp
2414 3617 2648 3670 Germa-

192 3707 312 3759 niae
343 3722 381 3772 ς
414 3732 454 3743 -
488 3707 658 3770 egerit
688 3705 867 3758 mo
898 3733 938 3744 -
973 3723 1043 3771 49
1075 3708 1267 3759 maiori
1300 3707 1497 3760 Gesner
1526 3708 1727 3759 minori
1759 3706 1901 3759 SAR
1934 3733 1974 3744 -
2009 3725 2121 3771 quo
2153 3707 2268 3760 s⁸A
2300 3733 2339 3743 -
2375 3723 2444 3771 50
2475 3717 2649 3758 terrae

191 3813 288 3848 om.
315 3795 408 3848 SA
441 3821 481 3832 -
520 3795 693 3859 stiae
714 3796 768 3848 A
788 3822 826 3832 -
850 3811 916 3860 52
940 3795 1272 3848 Aminneam
1294 3795 1504 3861 hjbfyo
1526 3796 1820 3848 Amineam
1842 3796 2074 3862 SAmpe
2095 3823 2133 3832 -
2157 3811 2221 3860 53
2248 3796 2496 3848 Amineis
2519 3809 2591 3861 99
2613 3823 2650 3833 -

194 3900 260 3949 54
295 3885 550 3948 lanugine
585 3883 662 3936 A¹
695 3910 735 3921 -
769 3884 989 3937 leuioris
1027 3884 1147 3950 bpy
1179 3912 1219 3923 -
1253 3901 1319 3951 55
1359 3886 1658 3949 superioris
1694 3885 1747 3936 R
1780 3912 1819 3922 -
1854 3886 2075 3938 crebam
2110 3886 2164 3938 A
2196 3912 2235 3921 —
2271 3901 2338 3949 59
2376 3885 2649 3937 Aminnea

190 3972 341 4038 SAjb
365 3973 602 4025 Aminea
624 3972 703 4038 nie
726 3973 1166 4037 Am(m)inneam
1190 3989 1338 4039 myo
1360 3975 1713 4027 Ammineam
1735 3973 1855 4040 hjrr
1887 4001 1927 4012 -
1960 3975 2237 4039 germinae
2259 3975 2313 4027 A
2346 4001 2384 4010 -
2418 3974 2648 4039 panpini

190 4061 230 4114 S
262 4089 301 4099 -
335 4062 407 4114 6ο
438 4063 823 4126 generossimis
852 4063 906 4115 A
939 4089 978 4099 -
1012 4064 1075 4115 61
1113 4065 1365 4128 proximo
1395 4064 1487 4117 SA
1518 4091 1559 4100 —
1593 4064 2008 4129 praeferendam
2038 4063 2078 4116 S
2106 4063 2494 4129 proferendam
2522 4063 2576 4115 A
2608 4090 2648 4101 -

190 4152 447 4216 proprius
470 4150 566 4203 Ah
599 4178 639 4189 -
672 4152 743 4206 62
765 4152 1050 4217 spissaque
1071 4152 1163 4206 SA
1195 4179 1235 4190 -
1269 4154 1477 4206 aluidas
1498 4154 1591 4207 SA
1624 4181 1662 4190 -
1697 4165 1822 4205 actu
1845 4153 2033 4205 idiotis
2055 4152 2118 4205 S¹
2152 4179 2191 4189 -
2226 4153 2291 4217 63
2318 4170 2479 4205 aruor
2498 4152 2575 4205 A¹
2609 4179 2647 4189 -

189 4240 255 4305 65
292 4241 680 4294 Nomentanae
712 4240 752 4293 S
785 4268 825 4279 -
859 4242 1053 4294 uineae
1083 4243 1138 4294 R
1170 4269 1207 4279 -
1242 4243 1611 4295 subsecuntur
1642 4241 1734 4294 SA
1765 4268 1805 4277 —
1839 4241 2099 4293 Amineas
2131 4241 2242 4307 Spe
2276 4267 2316 4278 -
2350 4242 2419 4293 66
2453 4257 2511 4292 se
2545 4259 2643 4293 om.

190 4330 265 4382 A²
299 4357 338 4367 -
372 4330 442 4383 68
464 4341 585 4395 post
612 4341 673 4382 ut
702 4329 825 4383 add.
856 4348 886 4381 a
912 4330 1008 4383 Ah
1041 4357 1081 4367 -
1115 4332 1184 4394 69
1212 4330 1543 4383 rubellianae
1570 4329 1696 4382 Ιιλσ
1728 4357 1766 4366 -
1801 4331 2103 4394 eademque
2129 4330 2233 4382 AR
2266 4356 2305 4366 -
2339 4343 2402 4393 71
2436 4330 2567 4392 iugo
2593 4340 2648 4381 et

192 4420 503 4472 Lundstrm
532 4420 689 4484 iugoa
720 4431 774 4471 et
804 4418 868 4471 8ι
898 4419 1026 4484 iugo
1055 4420 1153 4472 sed
1182 4430 1237 4471 et
1265 4419 1432 4472 S⁸AR
1467 4446 1504 4456 -
1539 4433 1608 4484 72
1640 4420 1859 4472 exibent
1887 4418 1949 4471 8ι
1985 4446 2023 4455 -
2057 4432 2123 4483 73
2157 4419 2316 4470 citius
2347 4417 2473 4470 Ιιλσ
2505 4444 2544 4454 -
2578 4432 2648 4482 74
