3109 5559
1683 288 2057 335 PRAEFATIO

735 452 797 513 A
819 451 955 524 sitl,
991 451 1444 513 adnotationes
1466 470 1547 512 ex
1571 451 1696 513 hoc
1718 450 1937 512 codice
1959 451 2309 513 exhaustas
2326 450 2393 511 in
2414 469 2663 531 appara

732 578 886 621 cum
929 577 1060 619 non
1102 557 1310 619 intuli.
1356 557 1548 619 Alter
1589 564 1811 620 autem
1854 557 2058 619 codex
2102 557 2423 630 Pontiani,
2468 557 2649 619 cuius

736 665 962 727 littera
996 684 1041 725 n
1078 664 1309 726 addita
1345 663 1627 736 notauit,
1665 663 1851 725 nobis
1888 683 2020 725 non
2055 671 2351 726 seruatus
2388 682 2524 726 esse
2559 664 2663 725 uid

734 771 916 833 aliud
943 770 1151 833 dicere
1178 789 1518 850 possumus
1546 770 1672 831 nisi
1703 789 1851 832 eum
1881 770 2161 832 familiae
2192 770 2252 830 R
2279 770 2491 832 fuisse.
2523 770 2663 831 Adn

734 896 902 957 quas
924 877 1280 939 Politianus
1300 877 1425 939 hoc
1445 896 1527 939 ex
1548 877 1786 950 codice,
1803 897 1844 939 a
1866 876 1925 938 N
1930 877 2134 939 icolao
2157 876 2216 938 N
2219 877 2382 940 icolo
2400 895 2482 938 ex
2499 882 2663 938 netu

735 983 903 1064 plari
934 983 1275 1063 daecn'pto,
1310 982 1536 1045 attulit
1567 1002 1698 1044 non
1728 983 1815 1045 ab
1844 1002 1913 1045 re
1940 983 2100 1044 mihi
2130 983 2348 1045 uisum
2378 989 2478 1045 est
2508 983 2575 1044 in
2607 1002 2663 1063 a]

736 1090 1037 1154 criticum
1070 1090 1343 1152 inserere
1381 1089 1636 1170 (litteris
1668 1089 1805 1151 Pol.
1844 1088 2255 1169 designatas).

824 1196 924 1258 Ne
966 1196 1168 1260 lector
1209 1197 1277 1257 in
1321 1202 1643 1276 apparatu
1687 1195 1929 1268 criticO,
1975 1195 2157 1258 cuius
2200 1196 2399 1258 etiam
2443 1215 2663 1276 praese

733 1302 930 1365 solito
982 1303 1187 1365 maior
1238 1309 1356 1374 ost,
1411 1309 1904 1382 summergatur,
1959 1302 2309 1364 uarietates
2361 1302 2630 1364 minoris

733 1409 1039 1471 codicum
1091 1409 1153 1469 R
1203 1409 1599 1489 singulorum
1650 1408 1836 1470 omisi
1891 1409 1995 1489 (de
2046 1408 2235 1471 rebus
2286 1409 2663 1489 orthograpl

734 1514 956 1594 infra),
997 1521 1186 1577 textu
1224 1515 1518 1577 codicum
1568 1520 1862 1577 ueterum
1906 1516 1951 1577 S
1993 1522 2061 1577 et
2103 1516 2161 1576 A
2205 1515 2567 1577 accuratius
2610 1535 2663 1577 n«

734 1622 843 1684 cui
902 1622 1173 1684 nimium
1238 1622 1312 1682 in
1370 1628 1694 1702 apparatu
1753 1621 2039 1702 posuisse
2080 1621 2321 1694 uidear,
2364 1622 2432 1682 in
2474 1627 2663 1684 ment«

734 1748 888 1790 cum
942 1729 1101 1790 haec
1151 1728 1350 1791 editio
1401 1728 1787 1790 Columellae
1823 1728 2067 1801 critica,
2109 1747 2275 1808 quae
2311 1735 2602 1801 uocatur,
2643 1748 2663 1808 1

735 1835 1091 1897 uarietates
1115 1834 1411 1897 codicum
1436 1854 1567 1896 non
1590 1834 1799 1896 solum
1825 1835 1910 1897 ad
1934 1841 2191 1897 textum
2215 1853 2442 1897 uerum
2467 1836 2663 1896 consti

739 1942 858 2004 sed
884 1942 1081 2003 etiam
1114 1942 1199 2004 ad
1228 1941 1496 2013 codices,
1530 1947 1598 2003 et
1629 1960 1791 2020 quos
1821 1960 1938 2020 ego
1967 1941 2347 2003 contulerim
2378 1948 2446 2003 et
2476 1941 2587 2022 qui
2619 1960 2662 2002 a·

734 2048 963 2128 ignoti,
994 2047 1432 2128 disponendos
1459 2053 1525 2110 et
1555 2047 1991 2110 aestimandos
2017 2047 2383 2127 pertinere.¹

823 2261 902 2321 In
930 2279 1199 2323 censura
1224 2260 1524 2323 editionis
1553 2259 1992 2322 Lundstromii
2018 2260 2336 2322 librorum
2366 2259 2457 2321 VI
2487 2266 2554 2322 et
2583 2259 2663 2321 Vl

743 2367 1068 2447 (Classical
1094 2366 1429 2447 Philology
1453 2384 1554 2446 37,
1587 2383 1766 2447 1942,
1795 2385 1857 2447 p.
1887 2366 2218 2446 453-455),
2248 2366 2558 2429 editorem
2585 2387 2663 2446 re]

751 2474 929 2553 quod
967 2474 1253 2535 formas
1311 2472 1660 2535 diuersas
1699 2472 1766 2534 in
1805 2479 1994 2535 textu
2033 2474 2170 2535 sine
2208 2473 2578 2536 constantia
2615 2492 2663 2535 s(

736 2585 1008 2660 spongea
1044 2579 1126 2661 (6,
1140 2579 1274 2660 9,1)
1311 2585 1378 2641 et
1409 2578 1754 2660 spongiam
1795 2579 2044 2660 (6‚12‚4
2074 2586 2142 2642 et
2176 2579 2418 2659 27,10),
2452 2580 2626 2641 mirti

734 2686 925 2765 myrti
973 2686 1227 2767 (6‚6,4)‚
1273 2686 1500 2748 uiuum
1548 2684 1818 2767 (642,3)
1868 2692 1934 2748 et
1978 2686 2196 2747 uiuam
2244 2686 2328 2767 (6,
2344 2703 2443 2763 32,
2457 2685 2543 2765 3),
2591 2706 2661 2748 ca

738 2793 1146 2855 constantiae
1180 2799 1420 2873 putans
1453 2811 1590 2855 esse
1622 2793 1799 2873 quod
1831 2792 2042 2855 editor
2073 2793 2345 2854 nimium
2380 2793 2660 2873 pretium

737 2899 943 2961 codici
979 2899 1085 2961 S.⁸
1119 2899 1321 2961 Recte
1354 2899 1881 2979 reprehendisset,
1918 2899 1972 2960 si
2006 2898 2345 2961 uerisimile
2379 2905 2545 2961 oeset
2580 2899 2661 2961 Co

738 3006 954 3086 ipsum
980 3005 1080 3067 his
1104 3006 1172 3067 in
1196 3006 1387 3067 rebus
1411 3010 1788 3067 constanter
1810 3005 2150 3086 scripsisse.
2182 3006 2471 3068 Incertas
2494 3025 2648 3068 sane

835 3222 854 3253 ¹
890 3222 980 3272 Sic
1006 3223 1120 3272 iam
1148 3223 1435 3273 Haussner
1464 3222 1575 3287 (op.
1605 3223 1755 3273 laud.
1784 3237 1841 3287 p.
1877 3236 1938 3272 12
1966 3223 2093 3287 sq.),
2122 3223 2466 3287 argumentis
2492 3237 2605 3273 non
2631 3238 2659 3273 s

741 3324 875 3361 cum
921 3310 1278 3369 Lundstrom,
1326 3310 1693 3375 Quaestionee
1740 3311 2097 3376 Papinianae,
2143 3312 2403 3376 Vpsaliae
2453 3311 2604 3375 1893.
2651 3328 2659 3376 j

738 3398 992 3449 codicem
1043 3399 1304 3449 Politiani
1353 3399 1596 3450 eundem
1644 3404 1818 3464 atque
1868 3399 2303 3450 Ambrosianum
2353 3401 2640 3464 negauerit

738 3488 1152 3553 praefationem
1182 3488 1308 3538 libri
1338 3488 1408 3538 de
1439 3488 1731 3539 arboribus
1762 3502 1912 3538 anno
1948 3488 2082 3553 1897
2113 3489 2381 3553 scriptam
2410 3503 2467 3553 p.
2503 3488 2599 3553 X).

825 3574 847 3606 ³
882 3575 1146 3626 conferas
1175 3590 1385 3641 quaeso
1415 3590 1561 3641 quae
1589 3569 1815 3642 scripsit
1843 3577 2070 3627 Eduard
2103 3577 2384 3627 Schwartz
2414 3577 2472 3627 in
2502 3579 2657 3628 editi<

741 3664 987 3723 Eusebii,
1014 3668 1152 3715 tom.
1182 3666 1258 3714 11:
1273 3678 1324 3728 3.
1355 3665 1575 3730 Lipsiae
1606 3679 1758 3726 1909,
1784 3680 1840 3730 p.
1868 3666 2266 3717 CLXXXVII:
2298 3666 2429 3715 »Ein
2454 3671 2654 3716 exactet

742 3753 1001 3819 Apparat
1025 3754 1161 3804 wird
1189 3754 1388 3803 immet
1412 3767 1487 3803 an
1513 3754 1643 3804 dem
1672 3745 2016 3804 Ubelstande
2042 3755 2240 3813 leiden‚
2269 3755 2398 3804 dass
2425 3769 2483 3804 er
2509 3755 2630 3804 eine

742 3842 1050 3892 Varianten
1089 3843 1493 3907 mitschleppen
1532 3857 1701 3900 muss.
1742 3843 1832 3893 die
1868 3843 1964 3893 fiir
2000 3844 2090 3894 die
2128 3843 2556 3894 Textrecension
2594 3843 2652 3893 di

742 3931 1040 3989 bodemen,
1077 3931 1213 3981 aber
1247 3913 1392 3981 doch
1428 3931 1587 3981 nicht
1622 3932 1886 3981 entbehrt
1921 3933 2140 3983 werden
2177 3932 2417 3990 konnen,
2455 3932 2530 3982 da
2565 3934 2655 3982 aui

743 4019 1065 4083 Schatzung
1092 4020 1191 4070 der
1219 4019 1503 4070 einzelnen
1535 4021 1665 4070 Hss.
1698 4021 1812 4070 und
1845 4020 2536 4086 Handschristengruppen
2567 4022 2653 4071 ber

823 4106 846 4138 ⁸
882 4108 977 4158 Cir
1005 4109 1178 4158 etiam
1208 4109 1295 4158 W.
1329 4109 1598 4167 Heraeus..
1644 4108 1860 4158 Svensk
1901 4109 2276 4160 humanistisk
2320 4110 2572 4160 tidskrift
2603 4111 2647 4168 Ι,

748 4209 902 4261 1917,
929 4196 1032 4246 col.
1064 4210 1163 4262 137
1188 4212 1291 4263 sq„
1318 4198 1416 4262 qui
1439 4198 1637 4247 eadem
1661 4197 1775 4248 iere
1800 4199 2101 4263 uituperat.
