3109 5559
1456 273 1553 314 REI
1602 271 1906 313 Rvs‘rICAE
1955 271 2065 312 LIB.
2119 271 2176 312 xi

738 454 873 513 quo
922 444 1217 512 tempore
1265 442 1331 492 et
1379 432 1561 493 cuius
1608 432 1838 492 aetatis
1886 430 2204 492 uiuiradix
2255 428 2555 490 transfere

740 559 935 620 quem
987 539 1068 600 ad
1119 538 1384 599 modum
1434 557 1518 599 ex
1569 537 2036 599 harundinibus
2085 537 2305 617 iugum
2358 534 2555 597 facien

739 667 937 727 quem
987 647 1067 707 ad
1120 646 1386 707 modum
1436 646 1497 706 in
1549 643 1840 706 hortulos
1887 645 2118 705 uineae
2167 643 2555 704 diuidendae

739 773 937 834 quem
987 754 1069 814 ad
1122 752 1387 813 modum
1436 763 1823 813 ueteraneae
1871 752 2102 813 uineae
2151 751 2555 813 restituantur

686 880 937 941 5quem
995 861 1077 921 ad
1137 860 1403 920 modum
1465 860 1738 920 eaedem
1790 870 2097 939 putentur
2143 878 2440 939 quaeque
2489 858 2554 918 b<

959 968 1021 1028 in
1070 967 1527 1029 constituenda
1576 966 1766 1028 uinea
1814 977 1923 1028 aut
1972 967 2175 1028 uitare
2224 976 2334 1027 aut
2381 966 2555 1045 sequi

739 1094 940 1155 quem
988 1074 1072 1135 ad
1122 1072 1387 1134 modurn
1437 1073 1801 1154 pampinari
1850 1072 2091 1134 debeat

740 1193 904 1262 quot
954 1181 1218 1242 fossuris
1265 1180 1478 1242 excoli

739 1289 826 1350 de
877 1287 1236 1349 inserendis
1284 1286 1672 1367 tuendisque
1720 1288 1926 1348 uineis

657 1432 719 1463 10
740 1395 825 1457 de
876 1392 1118 1457 salictis
1167 1394 1481 1456 faciendis

742 1505 827 1564 de
877 1502 1148 1583 genistis
1196 1502 1616 1563 conserendis

741 1610 826 1671 de
875 1609 1322 1671 harundinetis

742 1718 826 1779 de
876 1717 1250 1779 castanietis

747 1949 1017 2012 LIBER
1066 1948 1472 2029 QV1NTvs
1523 1948 1672 2010 REI
1725 1947 2181 2011 RVSTICAE
2231 1947 2555 2010 sVRcvi

662 2054 1165 2136 15TERT1VS:

743 2220 940 2281 quern
990 2200 1073 2261 ad
1124 2201 1389 2261 modum
1439 2200 1630 2260 datas
1682 2198 1920 2258 formas
1969 2217 2269 2276 agrorum
2322 2197 2527 2257 metiri

744 2322 1034 2388 quotena
1077 2287 1344 2368 ‘semina
1394 2308 1685 2386 iugerum
1738 2306 1798 2365 in
1850 2318 2070 2365 ternos
2120 2304 2324 2385 pedes
2372 2324 2449 2365 ac
2496 2303 2555 2364 d‹

963 2414 1023 2474 in
1076 2415 1282 2475 denos
1331 2414 1650 2493 disposita
1703 2413 1970 2491 recipiat

746 2521 1030 2582 culturas
1079 2519 1568 2600 prouincialium
1617 2520 1949 2580 uinearum

660 2660 724 2692 20
745 2629 829 2689 de
875 2627 1164 2689 uimariis
1215 2626 1527 2688 faciendis

745 2735 829 2795 de
877 2735 1241 2796 seminariis
1288 2733 1602 2794 oliuarum
1655 2732 1965 2793 faciendis

746 2843 828 2903 de
877 2841 1247 2903 ordinando
1296 2840 1563 2902 arbusto
1611 2853 1676 2900 et
1723 2859 1891 2919 quae
1943 2839 2026 2898 sit
2075 2839 2212 2898 cius
2262 2836 2504 2898 cultura

746 2950 829 3009 de
878 2947 1057 3010 cultu
1104 2947 1486 3009 oiiuetorum

746 3056 830 3117 de
879 3054 1222 3117 arboribus
1272 3054 1605 3134 pomiferis

662 3193 725 3237 25
748 3163 830 3223 de
882 3163 1295 3224 insitionibus
1344 3161 1648 3222 arborum

748 3272 831 3331 de
880 3270 1096 3349 cytiso

938 3589 955 3618 t
1001 3574 1066 3620 sit
1104 3574 1177 3620 SA
1379 3589 1408 3631 3
1450 3572 1688 3618 diuidene
1727 3572 1777 3626 (d
1817 3579 1925 3631 sup.
1971 3587 2033 3617 ne
2070 3586 2162 3616 scr.
2204 3561 2300 3618 m‘·')
2339 3570 2371 3614 S
2427 3569 2552 3614 diuis

748 3665 874 3723 exp.)
914 3664 954 3710 A
994 3662 1267 3708 diuidenda
1305 3675 1341 3709 a
1505 3676 1533 3719 5
1577 3660 1790 3707 candem
1833 3662 1870 3708 A
2035 3664 2066 3707 6
2107 3658 2462 3706 constituenda
2503 3658 2549 3703 ui

750 3759 859 3798 tare
886 3759 938 3799 at
966 3757 1017 3808 (u
1044 3758 1283 3811 superscr.
1315 3745 1410 3800 m'·')
1438 3750 1582 3808 sequi
1611 3751 1644 3794 S
1682 3749 2072 3795 constituendae
2113 3749 2274 3794 uitare
2316 3747 2513 3792 uincam

752 3841 1011 3887 stituendc
1061 3840 1222 3886 uitare
1270 3839 1421 3886 uinea
1467 3839 1666 3896 atsequi
1711 3840 1746 3886 A
1806 3839 2162 3884 constituendo
2212 3836 2409 3882 uincam
2452 3851 2508 3881 ac
2549 3857 2550 3870 κ

754 3929 913 3977 uitare
955 3945 1013 3975 ac
1054 3929 1198 3987 sequi
1238 3943 1271 3974 a
1317 3928 1675 3975 constituenda
1716 3929 1862 3974 uinea
1904 3928 2064 3973 uitare
2105 3935 2190 3973 aut
2228 3925 2432 3982 assequi
2473 3927 2514 3971 R

752 4019 788 4065 A
946 4034 999 4065 11
1047 4017 1274 4076 gene-stis
1313 4019 1426 4075 8Αμ

934 4111 994 4154 18
1036 4107 1253 4166 recipias
1292 4108 1325 4152 S
1468 4122 1536 4152 20
1578 4106 1784 4151 ulmaris
1823 4107 1896 4152 Aa
2043 4121 2107 4150 22
2148 4113 2198 4151 ct
2231 4110 2346 4165 pos!
2382 4104 2551 4150 arbusi

752 4198 818 4241 26
856 4196 1066 4257 quytiso
1106 4196 1139 4241 S
