3109 5559
710 402 783 447 10
1295 405 1348 446 L.
1398 405 1522 446 IVNI
1571 403 1891 446 nom-:mm
1939 405 2346 448 (·01.vu1·:1,LAE

696 583 895 642 quare
966 561 1233 643 uulgare
1304 562 1460 624 illud
1530 563 1617 624 de
1682 564 1985 624 arborum
2053 564 2377 643 positione
2443 565 2696 627 rusticis
2761 586 2940 624 usur-

698 681 921 749 patum
1000 668 1308 732 »Serere
1374 689 1466 731 ne
1531 669 1923 740 dubites»,
1992 669 2058 731 id
2122 670 2352 732 uilicus
2408 672 2490 732 ad
2538 673 2676 752 agri
2723 682 2938 733 totum

697 775 939 837 cultum
973 776 1190 839 referri
1225 777 1467 839 iudicet
1498 777 1856 857 credatque
1898 778 2389 856 praetermissas
2421 798 2552 839 non
2583 777 2938 840 duodecim

697 885 909 958 horas,
960 883 1079 945 sed
1125 903 1365 946 annum
1416 885 1682 963 perisse,
1734 884 1857 945 nisi
1901 903 2020 945 sua
2051 903 2310 964 quaque
2340 884 2467 960 die,
2502 886 2682 965 quod
2716 886 2935 950 instat.

593 1005 677 1068 30
697 991 1000 1053 effecerit.
1076 1011 1226 1053 nam
1286 1010 1434 1053 curn
1497 991 1779 1071 propriis
1838 1010 2008 1071 pene
2068 994 2415 1054 momentis
2461 992 2597 1054 fieri
2643 992 2992 1073 quidquc5

697 1098 953 1173 debeat,
1004 1099 1059 1159 si
1106 1118 1301 1159 unum
1351 1117 1521 1178 opus
1567 1096 1832 1170 tardius,
1865 1117 2062 1177 quam
2094 1109 2417 1177 oporteat,
2454 1111 2792 1179 peractum
2830 1101 2938 1168 sit,

696 1216 951 1267 ceterae
1012 1224 1294 1285 quoque,
1358 1224 1527 1285 quae
1583 1215 1956 1285 sequuntur,
2022 1204 2310 1267 culturae
2365 1218 2517 1287 post
2563 1207 2732 1267 iusta
2782 1218 2941 1267 tem-

697 1332 858 1392 pora
903 1313 1108 1373 serius
1154 1311 1565 1384 adhibentur,
1602 1312 1942 1392 omnisque
1973 1312 2270 1373 turbatus
2299 1314 2521 1393 operis
2551 1311 2717 1373 ordo
2746 1333 2940 1393 spem

697 1421 896 1480 totius
942 1420 1095 1481 anni
1145 1418 1496 1481 frustratur.
1570 1438 1771 1498 quare
1818 1419 2187 1480 necessaria
2231 1429 2331 1480 est
2379 1420 2689 1481 menstrui
2731 1422 2942 1481 cuius·

695 1547 822 1606 que
869 1525 1064 1587 officii
1116 1526 1388 1588 monitio
1418 1546 1516 1601 ea,
1552 1545 1721 1606 quae
1753 1526 1999 1606 pendet
2031 1545 2117 1586 ex
2151 1527 2400 1588 ratione
2432 1515 2716 1587 siderum
2748 1527 2937 1588 caeli.
2973 1559 3032 1589 ιο

593 1649 663 1710 31
697 1654 864 1694 nam.
918 1647 987 1694 ut
1034 1634 1124 1695 ait
1173 1632 1517 1714 VergiliuS,

917 1754 1104 1801 »tam
1152 1752 1328 1801 sunt
1376 1740 1695 1801 Arcturi
1741 1740 1999 1801 sidera
2048 1740 2273 1801 nobis

804 1847 1401 1927 Haedorumque
1447 1847 1618 1908 dies
1664 1846 2026 1908 seruandi
2060 1858 2136 1908 et
2169 1847 2472 1909 lucidus
2519 1848 2828 1926 anguis,

804 1953 1047 2034 Quam
1104 1954 1386 2033 quibus
1433 1954 1505 2014 in
1556 1954 1886 2034 patriam
1936 1965 2262 2015 uentosa
2309 1973 2445 2034 per
2491 1973 2831 2034 aequora

2295 2062 2550 2121 uectis
2973 2093 3029 2136 ¹5

806 2169 1092 2230 Pontus
1138 2180 1212 2229 et
1260 2167 1607 2229 ostriferi
1660 2166 1929 2229 fauces
1975 2178 2381 2229 tentantur
2427 2167 2752 2246 Abydi.»

699 2286 925 2336 contra
984 2296 1180 2355 quam
1240 2275 1768 2336 obseruationem
1833 2274 2049 2335 multis
2095 2274 2768 2354 argumentationibus
2813 2275 2940 2336 dis·

699 2383 975 2442 seruisse
1039 2401 1141 2442 me
1201 2401 1331 2442 non
1394 2382 1634 2442 infitior
1680 2383 1743 2442 in
1793 2382 1870 2443 iis
1917 2380 2113 2456 libris,
2162 2401 2330 2462 quos
2377 2381 2691 2444 aduersus
2737 2392 2939 2443 astro-

699 2488 887 2569 logos
932 2508 1425 2569 conposueram.
1498 2489 1615 2550 sed
1665 2487 1790 2550 illis
1830 2489 2383 2568 disputationibus
2412 2488 2804 2570 exigebatur
2848 2490 2934 2554 id.

698 2595 873 2674 quod
923 2596 1380 2675 inprobissime
1429 2594 1742 2658 Chaldaei
1793 2593 2197 2675 pollicentur,
2246 2605 2316 2656 ut
2363 2597 2559 2657 certis
2598 2597 2782 2676 quasi
2819 2607 3027 2657 ter-20

594 2714 673 2775 32
699 2702 887 2763 minis
952 2704 1039 2763 ita
1106 2702 1339 2764 diebus
1403 2703 1591 2764 statis
1659 2704 1827 2764 aeris
1874 2704 2267 2764 mutationes
2315 2702 2775 2783 respondeant.
2871 2705 2934 2763 in

697 2808 819 2869 hac
885 2821 1101 2871 autem
1166 2811 1326 2871 ruris
1380 2808 1725 2888 disciplina
1772 2829 1901 2870 non
1951 2809 2356 2872 desideratur
2400 2810 2722 2872 eiusmodi
2767 2831 2936 2872 scru-

698 2916 1031 2996 pulositas,
1099 2917 1216 2978 sed
1284 2918 1460 2997 quod
1530 2916 1765 2978 dicitur
1825 2917 2049 2997 pingui
2101 2915 2391 2978 Minerua
2437 2918 2738 2997 quamuis
2783 2917 2936 2978 utile

697 3025 1035 3104 continget
1091 3023 1284 3085 nilico
1342 3024 1753 3105 tempestatis
1803 3023 2051 3086 futurae
2099 3025 2529 3105 praesagium,
2578 3025 2635 3085 si
2683 3045 2936 3105 persua·

696 3152 836 3192 sum
888 3132 1201 3206 habuerit,
1255 3133 1454 3193 modo
1500 3143 1672 3205 ante,
1724 3131 1922 3193 modo
1973 3142 2140 3212 post,
2178 3131 2498 3193 interdum
2533 3133 2731 3194 etiam
2763 3143 2937 3194 stato
2959 3157 3022 3201 25

696 3239 802 3299 die
851 3239 1116 3299 orientis
1163 3238 1266 3299 uel
1313 3238 1675 3301 occidentis
1723 3249 2074 3319 conpetere
2121 3239 2253 3300 uim
2296 3239 2544 3300 sideris
2597 3260 2748 3300 nam
2781 3240 2938 3300 satis

916 3450 933 3480 1
982 3434 1199 3481 rusticas
1227 3437 1261 3483 A
1448 3452 1476 3481 2
1518 3443 1676 3482 totam
1703 3437 1736 3481 8
1779 3433 1890 3482 totu
1917 3437 2003 3483 AR
2185 3452 2213 3494 4
2255 3436 2473 3496 perijssc
2500 3438 2533 3482 b
2717 3452 2747 3496 5
2774 3451 2938 3496 paene

698 3525 916 3570 omentis
969 3529 1038 3572 (m
1095 3525 1222 3570 inter
1268 3540 1297 3570 e
1349 3530 1392 3569 et
1442 3540 1472 3570 ο
1522 3541 1563 3570 s,
1617 3541 1666 3570 u.
1706 3524 1825 3570 add.
1875 3517 1972 3576 ιη’)
2007 3527 2040 3570 S
2243 3525 2353 3571 fieri
2391 3540 2493 3571 om.
2534 3526 2569 3572 A
2769 3526 2937 3585 quitq;

699 3615 749 3658 «l
789 3621 899 3674 sup.
941 3621 959 3659 t
997 3629 1066 3659 m.
1108 3617 1218 3659 rec.)
1260 3616 1294 3661 A
1523 3616 1555 3659 6
1596 3619 1834 3673 oporteat
1872 3615 1916 3661 R
1972 3621 2180 3674 oportet
2228 3616 2298 3662 SA
2465 3677 2470 3682 ‚
2503 3629 2529 3673 7
2580 3621 2828 3662 secuntur
2867 3618 2938 3663 Ad

841 3703 979 3750 iuxta
1005 3704 1069 3749 etl
1215 3710 1466 3761 tempora¹
1494 3704 1531 3749 A
1688 3717 1751 3748 10
1780 3701 1955 3749 officii}
1982 3703 2015 3748 8
2041 3705 2109 3756 (Ν
2129 3709 2299 3764 postea
2325 3705 2470 3749 ems.)
2504 3705 2540 3750 A
2689 3704 2937 3752 rationem

699 3801 767 3840 (m
801 3796 973 3854 postca
1013 3793 1212 3853 arpis
1272 3790 1469 3837 ration?
1507 3797 1576 3844 (m
1609 3797 1779 3853 postca
1817 3791 1964 3848 cras.)
2000 3792 2036 3839 A
2221 3791 2395 3840 sideru
2434 3799 2486 3839 et
2524 3792 2620 3839 ccli
2658 3795 2692 3839 S
2880 3809 2932 3840 ιι

697 3881 926 3942 uirgilius
954 3881 996 3928 R
1150 3884 1209 3927 16
1238 3887 1514 3928 temtantur
1540 3882 1580 3929 A
1621 3888 1934 3941 temptantur
1968 3884 2032 3928 bc
2184 3896 2243 3940 17
2275 3889 2384 3929 otta
2408 3881 2546 3941 aqua
2577 3883 2615 3929 A
2771 3886 2833 3930 18
2873 3883 2943 3930 in-

698 3972 835 4017 fitior
862 3972 897 4018 A
940 3970 1141 4018 inficior
1165 3971 1243 4018 SR
1389 3970 1450 4017 iis
1484 3972 1517 4016 d
1557 3971 1637 4017 bis
1662 3971 1783 4017 SAR
1927 3971 2222 4032 astrologus
2248 3973 2299 4024 (o
2325 3979 2436 4032 sup.
2464 3987 2494 4017 u
2524 3988 2592 4017 m.
2623 3972 2733 4024 alt.)
2759 3974 2797 4020 A

708 4074 766 4119 19
794 4059 1006 4106 comte&
1029 4061 1366 4120 S)posucram
1395 4059 1514 4107 SAR
1663 4074 1724 4106 21
1758 4060 1905 4107 statis
1931 4061 1964 4104 S
2002 4060 2127 4107 satis
2153 4061 2240 4107 AB
2276 4060 2455 4107 estatis
2481 4073 2515 4118 ι)
2661 4076 2730 4120 23
2758 4061 2941 4120 quani>-

701 4149 820 4197 ntile
858 4153 890 4195 S
928 4149 1161 4208 quamuis
1200 4148 1376 4195 inutile
1414 4149 1452 4195 A
1495 4148 1731 4207 quamuis
1770 4149 1848 4195 uis
1888 4148 2007 4195 utile
2051 4162 2086 4196 a
2124 4157 2368 4208 quantum
2408 4150 2486 4197 uis
2529 4149 2651 4197 utile
2678 4151 2722 4198 R
2748 4149 2940 4210 quantii

700 4239 819 4285 utile
847 4252 879 4286 ιι
1008 4255 1071 4297 24
1103 4238 1365 4296 continget
1390 4239 1431 4284 R
1461 4237 1708 4298 contingit
1731 4239 1804 4284 SA
1833 4238 2094 4299 contingat
2130 4240 2163 4284 d
2283 4240 2602 4298 persuaserit
2625 4239 2746 4292 (erit
2768 4249 2878 4302 αφ.
2901 4247 2946 4284 ιτ

702 4343 780 4372 um
804 4335 1042 4388 superscr.
1068 4344 1135 4373 m.
1159 4333 1271 4374 tect.)
1296 4328 1331 4373 A
1480 4330 1546 4372 26
1571 4334 1866 4386 competere
1885 4329 2003 4374 SAR
2153 4327 2351 4373 sederis
2370 4327 2382 4376 (
2391 4327 2403 4373 i
2424 4335 2534 4389 sup.
2551 4335 2676 4389 prae
2695 4345 2763 4374 m.
2781 4329 2890 4378 rec.)
2905 4332 2940 4377 A
