3109 5559
0 343 12 407 Ρ

1557 87 1678 153 Rei
1708 87 1985 154 rusticae
2016 86 2128 153 lib.
2165 87 2273 153 111
2305 109 2360 153 c.
2402 108 2479 153 10
2605 109 2683 175 41

229 264 591 331 desciscere
615 263 951 330 interdum
975 264 1281 350 quamuis
1305 264 1649 350 diligenter
1672 263 1948 350 probata
1970 264 2240 344 semina;
2267 264 2469 351 idque
2496 265 2689 331 nobis

227 385 427 458 poeta
456 371 640 437 uelut
669 370 889 437 surdis
918 370 1211 436 ueritatis
1241 370 1525 436 inculcet
1556 369 1860 436 dicendo:

82 508 180 544 120
404 476 572 544 uidi
613 477 818 543 lecta
856 476 990 542 diu
1030 491 1105 543 et
1144 477 1393 544 multo
1433 490 1790 563 spectata
1829 477 2098 543 labore

404 584 886 669 degenerare
925 598 1206 662 tamen,
1249 584 1327 648 ni
1367 584 1488 649 uis
1527 583 1866 649 humana
1904 582 2334 670 quotannis

404 691 739 756 maxima
780 711 1137 777 quaeque
1176 712 1408 756 manu
1447 690 1764 776 legeret.
1806 689 1921 756 sic
1959 690 2220 756 omnia
2257 690 2448 756 fatis

407 798 488 862 in
526 797 753 883 peius
792 818 1018 862 ruere
1056 818 1142 862 ac
1181 810 1392 862 retro
1431 796 1806 883 sublapsa
1845 796 2147 862 referri.

226 904 416 990 quod
444 926 578 969 non
602 918 860 969 tantum
887 903 970 969 de
994 902 1357 969 seminibus
1382 903 1794 989 leguminum
1817 903 1934 969 sed
1959 903 2029 969 in
2052 916 2190 969 tota
2213 903 2693 989 agricolationis

84 1040 177 1088 ης
226 1011 486 1076 ratione
516 1009 769 1076 dictum
798 1032 939 1076 esse
968 1008 1485 1096 intellegendum
1513 1023 1632 1089 est,
1724 1030 1809 1092 19
1851 1010 1907 1076 si
1936 1009 2138 1075 modo
2168 1010 2346 1096 longi
2375 1011 2693 1097 temporis

226 1116 694 1183 obseruatione
724 1117 1164 1203 conperimus,
1197 1115 1379 1203 quod
1407 1131 1582 1182 certe
1611 1116 2074 1203 comperimus,
2107 1138 2262 1182 eum
2290 1117 2689 1197 malleolum,

225 1222 349 1309 qui
377 1237 690 1310 quattuor
718 1245 883 1289 uuas
909 1223 1151 1302 tulerit,
1184 1222 1576 1310 deputatum
1604 1237 1669 1289 et
1697 1223 1767 1289 in
1794 1237 1965 1289 terra
1993 1222 2369 1310 depositum
2399 1246 2436 1289 a
2461 1223 2692 1289 fecun-

227 1331 436 1397 ditate
472 1344 766 1395 materna
797 1331 893 1395 sic
926 1330 1336 1415 degenerare,
1375 1344 1450 1396 ut
1484 1329 1819 1396 interdum
1853 1330 2146 1415 singulis,
2184 1352 2692 1417 nonnumquam

224 1435 432 1503 etiarn
469 1435 643 1502 binis
682 1436 832 1503 uuis
869 1436 1090 1503 minus
1127 1435 1396 1502 adferat.
1489 1457 1574 1501 2ο
1618 1436 1685 1502 in
1725 1449 2049 1523 quantum
2088 1450 2309 1502 autem
2346 1457 2692 1502 censemus

0 1546 8 1571 '
85 1539 180 1620 136
226 1542 608 1610 defecturos
643 1565 776 1622 eos,
817 1542 932 1629 qui
967 1541 1161 1609 binos
1196 1557 1308 1609 aut
1342 1542 1479 1609 fere
1514 1543 1809 1629 singulos
1843 1542 2018 1608 fetus
2053 1542 2123 1607 in
2158 1556 2365 1608 matre
2400 1542 2690 1621 tulerint,

225 1671 386 1715 cum
454 1650 653 1715 etiam
708 1649 1093 1715 feracissimi
1146 1649 1639 1716 translationem
1696 1671 1889 1735 saepe
1946 1648 2415 1716 reformident?
2473 1649 2694 1736 itaque

226 1757 433 1822 huius
480 1756 749 1822 rationis
796 1755 1385 1822 demonstratorem
1431 1756 1638 1843 magis
1684 1778 1825 1821 esse
1872 1777 1979 1821 me
2026 1778 2228 1842 quam
2273 1756 2690 1822 inuentorem

226 1863 515 1929 libenter
548 1862 878 1948 profiteor,
915 1884 998 1928 ne
1032 1862 1183 1948 quis
1215 1862 1540 1928 existimet
1574 1862 1861 1928 fraudari
1895 1862 2173 1929 maiores
2206 1875 2466 1928 nostros
2500 1861 2693 1927 laude

229 1969 488 2035 merita.
527 1990 682 2035 nam
714 1968 784 2034 id
816 1969 1038 2055 ipsum
1071 1969 1349 2035 sensisse
1383 1991 1496 2034 eos
1530 1991 1667 2034 non
1700 1968 1982 2034 dubium
2016 1983 2133 2048 est,
2172 1968 2477 2055 quamuis
2511 1967 2693 2034 nullo

0 2144 3 2159 ‚
87 2105 177 2153 133
224 2076 357 2142 alio
391 2075 477 2141 sit
509 2074 754 2161 scripto
786 2075 1146 2161 proditum,
1181 2075 1489 2162 exceptiS,
1526 2097 1695 2161 quos
1727 2075 1968 2154 rettuli,
2004 2075 2296 2140 numeris
2328 2074 2593 2161 Vergili,
2629 2089 2695 2141 et

222 2183 324 2247 sic
353 2196 600 2260 tamen,
635 2195 710 2246 ut
740 2180 823 2248 de
855 2180 1219 2248 seminibus
1250 2181 1662 2267 leguminum
1693 2180 2147 2267 praecipiatur.

317 2309 402 2353 21
443 2287 586 2353 Cur
630 2287 809 2353 enim
854 2301 967 2353 aut
1012 2310 1049 2353 e
1096 2287 1265 2353 duro
1311 2302 1531 2354 natam
1579 2287 1833 2373 uirgam
1879 2301 1991 2353 aut
2035 2287 2233 2353 etiam
2279 2309 2359 2352 ex
2403 2286 2693 2353 fecundo

225 2394 557 2473 malleoIO,
604 2415 804 2481 quem
845 2394 972 2480 ipsi
1014 2393 1421 2480 probassent,
1466 2394 1754 2460 decisam
1794 2394 2097 2480 sagittam
2138 2392 2593 2480 repudiabant,
2637 2394 2695 2459 si

224 2501 397 2567 nihil
426 2500 740 2566 interesse
768 2500 1117 2579 ducebant,
1148 2522 1228 2566 ex
1256 2523 1390 2587 quo
1418 2501 1564 2567 loco
1591 2501 1843 2566 semina
1869 2500 2278 2586 legerentur?
2307 2521 2507 2579 nunc,
2539 2500 2695 2586 quia

89 2637 184 2685 140
227 2608 375 2674 uim
398 2606 822 2673 fecunditatis
846 2607 1038 2673 certis
1063 2607 1249 2694 quasi
1273 2606 1590 2674 membris
1614 2607 1825 2672 inesse
1849 2629 1984 2673 non
2010 2605 2420 2685 dubitabant,
2448 2605 2693 2672 idcirco

226 2714 722 2800 pampinarium
753 2727 819 2779 et
849 2713 1152 2800 sagittam
1182 2713 1366 2779 uelut
1398 2713 1662 2779 inutiles
1694 2713 1777 2779 ad
1810 2713 2281 2800 deponendum
2314 2712 2691 2799 prudentis-

224 2821 394 2887 sime
424 2820 926 2886 damnauerunt.
958 2818 1140 2907 quod
1166 2819 1222 2885 si
1248 2820 1339 2885 ita
1364 2833 1482 2899 est,
1513 2819 1677 2885 nihil
1705 2819 1988 2886 dubium
2014 2833 2112 2885 est
2138 2819 2349 2885 multo
2377 2818 2584 2905 magis
2611 2818 2693 2884 ab

226 2927 333 2992 his
360 2925 813 3012 improbatum
841 2947 981 2992 esse
1008 2926 1206 2992 etiam
1233 2925 1422 2991 illum
1449 2926 1809 3012 palmitem,
1840 2926 1957 3012 qui
1983 2925 2300 3011 frugifero
2328 2925 2473 2990 loco
2502 2938 2694 2991 natus

225 3033 527 3099 fructum
580 3054 714 3097 non
766 3032 1106 3099 attulisset.
1199 3053 1282 3097 22
1326 3054 1481 3097 nam
1532 3033 1588 3097 si
1639 3033 1962 3118 sagittam,
2016 3031 2085 3097 id
2137 3045 2235 3097 est
2286 3031 2693 3118 superiorem

88 3168 178 3218 ¹4⁵
228 3153 492 3225 partem
534 3139 837 3218 malleoli,
883 3138 1390 3225 uituperandam
1434 3138 1809 3217 censebant,
1857 3160 2011 3204 cum
2055 3152 2226 3204 esset
2269 3137 2501 3204 eadem
2545 3160 2694 3224 pars

226 3246 477 3312 surculi
524 3245 843 3332 frugiferi,
895 3258 1144 3331 quanto
1193 3246 1398 3331 magis
1446 3246 1553 3311 uel
1602 3266 1682 3310 ex
1729 3246 1981 3332 optima
2026 3246 2182 3311 uitis
2230 3259 2413 3331 parte
2462 3258 2692 3310 natum

225 3458 556 3521 Morgagnus
578 3457 798 3520 (Gesner
813 3466 869 3521 p.
894 3457 1058 3521 1199)
1080 3457 1300 3509 incollet
1321 3457 1383 3509 S¹
1403 3457 1637 3509 incolcet
1658 3456 1773 3508 S¹A
1793 3457 2040 3521 indulget
2060 3457 2112 3507 R
2146 3483 2185 3492 -
2220 3456 2498 3521 diligendo
2519 3457 2611 3509 SA
2649 3482 2688 3493 -

232 3562 336 3600 12ο
363 3547 483 3598 uidi
510 3546 649 3598 lecta
676 3546 774 3598 diu
802 3557 856 3597 et
883 3546 974 3598 SR
1000 3546 1256 3598 uidelicet
1284 3546 1508 3598 adiuuet
1533 3547 1587 3598 A
1621 3573 1660 3582 -
1693 3557 1851 3598 muto
1877 3545 1939 3597 S¹
1974 3572 2013 3582 —
2052 3562 2145 3599 121
2181 3546 2490 3609 quodannis
2517 3546 2610 3598 SA
2646 3571 2684 3581 -

231 3652 333 3689 122
352 3636 483 3687 satis
501 3633 723 3699 Shbtry
755 3662 795 3671 —
835 3651 929 3698 123
951 3635 1131 3687 fruere
1147 3636 1200 3687 A
1233 3662 1272 3671 -
1306 3635 1593 3699 sublapsae
1609 3635 1662 3686 A
1678 3635 1922 3687 sublassa
1937 3632 2146 3699 th'py
2162 3635 2386 3687 sublaxa
2405 3649 2443 3687 ο
2477 3661 2515 3671 -
2550 3634 2685 3686 ferri

226 3724 345 3777 S¹A
379 3751 418 3760 -
459 3741 559 3787 124
583 3725 653 3776 de
676 3741 774 3776 om.
801 3724 854 3774 R
887 3751 924 3760 -
960 3735 1074 3777 tota
1097 3724 1495 3788 agricolationis
1521 3724 1728 3776 ratione
1748 3724 1863 3776 Ash
1886 3735 2000 3775 tota
2024 3724 2406 3788 agricolatione
2429 3724 2684 3787 spatione

225 3813 320 3866 SA
347 3823 521 3865 totam
547 3813 947 3877 agricolationis
976 3814 1242 3865 rationem
1268 3814 1321 3864 R
1354 3840 1392 3850 -
1433 3827 1530 3877 127
1561 3814 1656 3877 qui
1684 3812 1799 3866 S¹R
1826 3813 1962 3877 quid
1990 3813 2050 3865 S²
2080 3813 2201 3877 quit
2226 3814 2279 3865 A
2313 3840 2352 3849 -
2386 3814 2686 3877 deputatur

227 3902 321 3954 SA
356 3929 395 3938 —
429 3913 631 3954 terram
656 3903 709 3953 R
744 3929 782 3938 —
816 3903 1131 3966 depositum
1155 3903 1208 3953 R
1235 3919 1344 3966 que
1371 3903 1615 3966 positum
1641 3902 1732 3954 SA
1766 3929 1804 3939 -
1844 3919 1944 3966 129
1971 3903 2097 3954 uuis
2124 3920 2222 3954 om.
2250 3902 2325 3954 A¹
2361 3929 2399 3939 -
2434 3901 2686 3954 adferant

226 3989 452 4056 Sme
486 4018 524 4027 -
566 4007 665 4055 130
705 3991 1013 4044 defecturos
1053 3991 1164 4058 ΙιὟ
1204 3992 1556 4055 despecturos
1597 3990 1881 4056 SAh¹jbro
1921 3992 2214 4044 destitutos
2255 3991 2340 4043 uel
2379 3992 2685 4043 descituros

228 4094 417 4146 mpyc
451 4107 490 4116 -
530 4096 623 4145 131
680 4079 977 4133 formident
1028 4079 1161 4133 SAh
1196 4108 1233 4116 -
1276 4097 1373 4144 132
1424 4081 1648 4132 sationis
1697 4081 1750 4132 A
1783 4107 1821 4116 —
1857 4081 2371 4132 demonstratiorem
2421 4081 2474 4132 A
2510 4107 2547 4116 -
2589 4096 2684 4144 133

227 4169 396 4222 lauda
419 4170 472 4221 A
506 4196 545 4205 -
586 4185 685 4232 134
711 4169 927 4221 meritta
952 4169 1012 4221 S¹
1040 4179 1099 4222 ut
1123 4169 1252 4232 uidi,
1275 4179 1457 4234 postea
1485 4187 1586 4222 ras.
1616 4170 1873 4221 meriacta
1896 4170 1949 4221 A
1983 4196 2022 4205 -
2063 4186 2157 4234 135
2189 4186 2329 4233 quos
2355 4167 2506 4233 SAio
2534 4169 2690 4233 quod

229 4257 456 4324 1125pr
490 4285 529 4294 -
564 4258 874 4310 rettulimus
904 4259 1075 4322 (retu-
1097 4258 1290 4324 impe)
1320 4259 1507 4310 metris
1536 4260 1589 4310 R
1623 4285 1661 4295 -
1702 4259 1800 4323 136
1829 4259 1919 4310 hic
1947 4260 1999 4310 R
2032 4285 2070 4294 —
2106 4270 2168 4310 ut
2198 4259 2266 4310 de
2296 4258 2387 4310 SR
2415 4259 2546 4310 uide
2574 4259 2627 4310 A
2654 4284 2693 4294 -

237 4362 337 4412 137
384 4347 533 4399 enim
559 4347 651 4399 SR
676 4364 766 4399 em
791 4348 844 4399 A
877 4375 916 4384 -
955 4365 1049 4412 141
1082 4348 1468 4412 panpinarium
1495 4348 1534 4400 S
1570 4374 1608 4384 -
1647 4364 1744 4412 143
1774 4365 1892 4399 esse
1917 4361 1989 4412 ρς
2015 4358 2156 4399 esset
2182 4347 2324 4399 SAR
2360 4373 2397 4382 -
2433 4347 2572 4398 illud
2599 4346 2690 4398 SA

230 4462 269 4473 -
311 4452 415 4500 144
433 4437 629 4500 sagitta
649 4436 741 4488 SA
774 4463 812 4474 -
852 4453 946 4501 145
971 4437 1443 4500 uituperandaSA
1476 4463 1515 4473 -
1556 4450 1656 4501 147
1675 4437 1720 4488 si
1741 4454 1838 4488 om.
1861 4437 1914 4487 R
1948 4463 1987 4472 -
2026 4437 2125 4500 148
2146 4453 2265 4487 eam
2287 4434 2378 4486 SA
2413 4462 2450 4471 -
2488 4436 2691 4487 abscis-
