3109 5559
291 589 359 639 50

290 1016 354 1064 55

267 2685 361 2741 12

399 84 487 150 44
614 63 693 129 L.
729 62 879 129 Iuni
909 62 1243 128 Moderati
1274 61 1678 129 Columellae

404 240 1044 307 commodatissimae
1078 277 1184 320 —,
1222 239 1421 305 simili
1457 262 1727 326 quoque
1763 239 1846 306 de
1882 261 2078 306 causa
2111 239 2376 326 probari
2412 241 2700 308 solutam
2736 243 2878 328 gla-

407 370 585 413 ream
633 347 1167 433 calculosumque
1215 369 1447 432 agrum
1494 360 1561 412 et
1608 346 1924 413 mobilem
1973 346 2281 433 lapidem,
2333 348 2388 413 si
2435 362 2659 414 tamen
2709 348 2878 417 haec

404 454 637 541 pingui
667 452 894 539 glebae
926 454 1250 539 permixta
1278 466 1435 518 sunt
1463 490 1550 499 —
1581 475 1737 519 nam
1767 453 1999 519 eadem
2030 453 2249 519 ieiuna
2279 454 2563 519 maxime
2594 455 2877 541 culpan-

402 574 511 626 tur
550 559 678 626 —?
767 562 812 624 8
852 574 951 626 est
993 573 1234 638 autem,
1280 573 1356 625 ut
1398 581 1544 626 mea
1588 581 1857 646 quoque
1899 559 2026 625 fert
2068 560 2317 646 opinio,
2363 560 2578 626 uineis
2619 562 2879 628 amicus

405 666 604 734 etiam
628 666 808 746 sileat,
838 688 993 732 cum
1017 666 1510 752 superpositum
1534 680 1635 732 est
1659 665 2000 731 modicum
2023 680 2380 746 terrenum,
2410 666 2568 753 quia
2590 666 2878 754 frigidus

404 787 471 840 et
514 786 710 838 tenax
755 772 1005 838 umoris
1051 794 1170 858 per
1213 787 1437 838 ortum
1482 771 1837 839 Caniculae
1883 795 2021 839 non
2066 773 2353 859 patiatur
2383 773 2565 839 sitire
2596 773 2873 840 radices.

405 879 712 966 Hyginus
765 878 1058 965 quidem,
1114 892 1380 944 secutus
1432 878 1865 958 Tremelium,
1922 878 2274 965 praecipue
2327 880 2661 947 montium
2714 880 2873 960 ima,

403 1008 572 1072 quae
618 985 978 1052 uerticibus
1025 984 1427 1052 defluentem
1472 985 1757 1051 humum
1804 985 2188 1072 receperint,
2236 986 2347 1051 uel
2394 986 2594 1053 etiam
2638 987 2874 1066 ualles,

405 1115 573 1179 quae
609 1092 965 1159 fluminum
1001 1092 1266 1158 adluuie
1302 1105 1369 1158 et
1405 1092 1951 1158 inundationibus
1989 1093 2465 1173 concreuerint,
2506 1107 2692 1180 aptas
2729 1115 2876 1159 esse

404 1200 619 1266 uineis
649 1199 1011 1278 adseuerat,
1045 1220 1153 1264 me
1185 1221 1320 1264 non
1353 1198 1800 1264 dissentiente.

490 1326 535 1388 9
574 1307 848 1372 Cretosa
882 1305 1129 1371 humus
1164 1305 1345 1371 utilis
1380 1304 1662 1371 habetur
1697 1305 1840 1384 uiti;
1880 1328 2035 1372 nam
2071 1329 2189 1393 per
2225 1329 2295 1372 se
2331 1306 2475 1393 ipsa
2511 1320 2709 1387 creta,
2739 1330 2876 1393 qua

405 1426 686 1479 utuntur
721 1412 905 1498 figuli
942 1434 1276 1499 quamque
1312 1411 1615 1478 nonnulli
1652 1412 1946 1498 argillam
1981 1426 2242 1492 uocant,
2282 1413 2736 1479 inimicissima
2772 1428 2876 1480 est

407 1541 530 1585 nec
557 1519 779 1585 minus
806 1519 1067 1584 ieiunus
1095 1518 1326 1584 sabulo
1355 1532 1422 1584 et
1450 1517 1801 1604 quidquid,
1833 1532 1909 1584 ut
1936 1520 2026 1584 ait
2056 1519 2267 1585 Iulius
2289 1519 2571 1599 AtticuS,
2603 1520 2872 1587 retorri-

406 1625 570 1692 dum
601 1626 941 1692 surculum
970 1625 1146 1691 facit.
1180 1625 1250 1691 id
1281 1639 1503 1692 autem
1533 1625 1752 1690 solum
1782 1625 1890 1692 uel
1921 1625 2325 1712 uliginosum
2355 1640 2455 1692 est
2483 1626 2592 1692 uel
2623 1626 2878 1693 salsum

405 1733 511 1799 uel
548 1755 847 1798 amarum
882 1732 1081 1798 etiam
1115 1732 1222 1797 uel
1259 1731 1671 1797 siticulosum
1707 1745 1774 1797 et
1808 1731 2206 1818 peraridum.
2247 1732 2512 1818 nigrum
2545 1746 2772 1799 tamen
2808 1747 2878 1799 et

405 1839 678 1905 rutilum
716 1838 1124 1918 sabulonem,
1167 1837 1283 1925 qui
1321 1838 1406 1904 sit
1443 1838 1708 1905 uiuidae
1745 1852 1953 1905 terrae
1991 1839 2376 1924 permixtus,
2419 1839 2876 1925 probauerunt

405 1946 681 2032 antiqui;
722 1968 876 2011 nam
913 1944 1467 2011 carbunculosum
1504 1966 1757 2031 agrum,
1799 1945 1924 2010 nisi
1961 1958 2245 2011 stercore
2283 1944 2578 2024 adiuues,
2619 1967 2876 2012 macras

408 2053 635 2118 uineas
680 2050 939 2118 efficere
986 2051 1311 2118 dixerunt.
1405 2072 1490 2115 ιο
1531 2051 1751 2137 grauis
1796 2065 1895 2117 est
1940 2050 2220 2130 rubrica,
2268 2065 2345 2117 ut
2389 2051 2568 2117 idem
2607 2051 2875 2118 Atticus

405 2159 514 2239 ait,
545 2172 612 2224 et
638 2159 722 2225 ad
750 2157 1427 2245 conprehendendum
1456 2157 1787 2224 radicibus
1816 2158 2061 2244 iniqua,
2093 2158 2210 2224 sed
2238 2159 2352 2224 alit
2378 2158 2611 2224 eadem
2638 2159 2872 2238 uitem,

406 2288 561 2332 cum
601 2265 834 2345 tenuit,
879 2287 1114 2331 uerum
1156 2278 1255 2332 est
1295 2265 1366 2330 in
1407 2286 1606 2351 opere
1649 2263 1999 2343 difficilior,
2045 2264 2227 2351 quod
2269 2286 2486 2351 neque
2529 2279 2876 2332 umentem

403 2371 629 2439 fodere
688 2372 920 2459 possis,
969 2371 1152 2458 quod
1196 2372 1282 2437 sit
1324 2371 1859 2457 glutinosissima,
1906 2392 2029 2439 nec
2071 2371 2357 2438 nimium
2400 2372 2665 2451 siccam,
2712 2372 2873 2459 quia

405 2479 576 2545 ultra
605 2477 883 2544 modum
914 2477 1255 2564 praedura.

492 2695 533 2736 ι
576 2673 710 2740 Sed
741 2695 824 2739 ne
855 2694 1035 2739 nunc
1066 2694 1184 2759 per
1215 2671 1505 2739 infinitas
1534 2672 1779 2738 terreni
1801 2672 2052 2759 species
2071 2694 2448 2759 euagemur,
2471 2695 2608 2739 non
2627 2674 2870 2739 intem-

405 2780 660 2868 pestiue
696 2779 1365 2846 commemorabimus
1404 2779 1533 2845 Iuli
1572 2779 1883 2846 Graecini
1918 2780 2357 2866 conscriptam
2394 2780 2580 2846 uelut
2611 2779 2869 2846 formu-

406 2888 557 2966 lam,
592 2886 675 2952 ad
707 2909 909 2973 quarn
938 2886 1233 2973 pos<s>it
1263 2886 1629 2952 aestimatio
1660 2886 1886 2953 referri
1916 2900 2125 2951 terrae
2156 2886 2451 2952 uinealis.
2485 2886 2666 2952 idem
2688 2887 2871 2952 enim

408 2993 775 3059 Graecinus
802 2993 897 3058 sic
924 2992 1032 3058 ait:
1064 3014 1233 3058 esse
1261 2992 1608 3078 aliquam
1633 3007 1923 3059 terram
1950 2991 2286 3058 calidam
2314 2993 2439 3058 uel
2467 2991 2867 3078 frigidam,

409 3100 754 3167 umidam
784 3100 910 3165 uel
941 3100 1249 3179 siccam,
1285 3121 1535 3165 raram
1566 3100 1693 3166 uel
1720 3098 2060 3179 densam,
2089 3099 2344 3165 leuem
2370 3113 2503 3165 aut
2526 3120 2867 3185 grauem,

478 3309 562 3349 12:
611 3310 779 3359 22-31
820 3293 1031 3346 Pallad.
1069 3305 1249 3356 2,13,5
1284 3320 1323 3330 -
1358 3294 1426 3358 38
1470 3294 1621 3358 Verg.
1655 3310 1826 3358 georg.
1864 3294 2052 3357 2,298,·
2086 3293 2224 3346 Ptin.
2262 3303 2374 3346 nat.
2414 3306 2571 3358 r7‚19
2607 3320 2646 3330 -
2679 3306 2860 3358 41—47

403 3383 541 3436 Ptin.
566 3393 675 3436 nat.
701 3395 989 3446 17,2o-22,
1014 3383 1236 3446 18,328‚·
1256 3382 1466 3435 Pauad.
1492 3382 1701 3447 2,13,6,·
1724 3382 1826 3448 Gp.
1852 3395 1941 3445 5,4

404 3526 542 3578 rime
571 3524 699 3577 A⁸R
733 3552 772 3561 -
806 3541 876 3589 49
907 3525 1125 3589 pinguit
1157 3524 1271 3577 S¹A
1306 3551 1344 3562 -
1378 3524 1600 3589 glaeuae
1629 3525 1682 3576 A
1716 3549 1755 3560 -
1791 3540 1859 3588 5ο
1889 3524 1999 3576 fers
2029 3524 2104 3577 A¹
2139 3551 2178 3560 -
2214 3540 2282 3588 54
2313 3524 2679 3577 Tremellium
2711 3523 2788 3590 λρ
2824 3550 2865 3561 -

406 3631 470 3679 55
498 3614 801 3678 receperint
818 3614 947 3667 Ald.
974 3614 1278 3678 reciperent
1301 3614 1443 3666 SAR
1476 3640 1515 3650 -
1551 3614 1620 3678 56
1644 3613 1896 3665 adlubiae
1918 3614 2012 3666 SA
2045 3640 2083 3651 -
2116 3614 2500 3678 congreuerint
2523 3613 2585 3666 S¹
2620 3640 2660 3650 -
2696 3626 2765 3678 57
2790 3630 2863 3666 ne

404 3703 518 3756 SA¹
553 3730 592 3740 -
629 3719 695 3768 59
721 3714 954 3756 utuntur
978 3704 1031 3754 R
1056 3714 1118 3755 ut
1144 3704 1385 3755 undatur
1409 3702 1500 3754 SA
1533 3729 1573 3739 -
1607 3702 1678 3755 60
1704 3703 1956 3767 quicquit
1980 3702 2055 3754 A¹
2082 3703 2349 3768 quicquid
2374 3702 2450 3754 A¹
2484 3729 2524 3739 -
2557 3703 2621 3755 61
2656 3702 2866 3755 falsum

404 3793 520 3845 S¹A
553 3819 590 3828 -
625 3793 694 3846 62
733 3793 823 3845 uel
860 3793 1006 3856 (ante
1042 3793 1311 3855 amarum)
1350 3810 1447 3844 om.
1487 3791 1582 3844 SA
1614 3818 1652 3829 -
1686 3792 2050 3844 situculosum
2086 3792 2177 3844 SA
2211 3818 2250 3827 -
2284 3792 2350 3856 63
2391 3791 2653 3843 humidae
2695 3790 2867 3858 Ιιῇλίρ

405 3881 605 3934 uuidae
646 3897 682 3946 ς
729 3908 768 3918 -
802 3882 872 3945 64
909 3891 1029 3946 post
1072 3881 1177 3933 nisi
1214 3881 1338 3933 aad.
1369 3881 1417 3933 si
1444 3880 1601 3932 hmo
1633 3908 1672 3918 -
1705 3892 1942 3933 stercore
1968 3881 2021 3931 R
2049 3892 2281 3932 stercere
2309 3881 2349 3933 S
2376 3892 2637 3933 stercen-es
2666 3880 2720 3932 A
2742 3890 2865 3946 post

403 3971 526 4023 add.
558 3971 714 4023 iuues
734 3969 954 4036 Ῐλργςο
988 3998 1027 4007 -
1060 3971 1288 4022 adiuues
1314 3970 1408 4023 SA
1432 3970 1715 4023 rediuiuus
1741 3969 1924 4035 ffiyc·
1951 3970 2173 4022 rediuus
2202 3969 2244 4021 λ
2272 3970 2574 4022 rediuirnus
2601 3984 2634 4022 ι·
2660 3987 2767 4023 om.
2797 3968 2859 4035 hi

405 4086 444 4097 -
479 4061 544 4124 65
582 4071 664 4112 est
686 4060 739 4110 R
762 4071 816 4111 et
840 4059 931 4113 SA
964 4087 1003 4096 -
1038 4059 1106 4111 66
1131 4059 1585 4123 conprehendum
1608 4058 1699 4112 SA
1732 4086 1771 4095 -
1806 4059 2021 4122 iniquas
2045 4070 2098 4111 et
2122 4059 2238 4111 S¹A
2272 4085 2311 4095 -
2344 4059 2414 4122 67
2438 4069 2728 4111 umentem
2749 4059 2867 4112 Ash

408 4160 701 4202 umentum
724 4149 764 4201 S
787 4160 1017 4202 umentu
1040 4148 1115 4200 A¹
1139 4149 1411 4201 humentu
1432 4148 1508 4200 A·
1532 4149 1855 4201 humentem
1877 4149 1930 4199 R
1962 4174 2002 4184 —
2037 4148 2106 4200 68
2130 4148 2367 4200 minium
2390 4148 2481 4200 SA

482 4253 567 4293 12:
610 4255 631 4291 x
673 4249 806 4291 tunc
838 4238 913 4290 A¹
948 4265 987 4275 -
1022 4254 1054 4291 2
1089 4238 1645 4290 commemorabimus
1681 4251 1766 4304 γρ
1799 4237 2356 4290 commemorauirnus
2390 4237 2534 4289 SAR
2559 4263 2598 4273 -
2622 4253 2651 4302 3
2679 4248 2733 4289 at
2754 4237 2810 4289 A
2832 4263 2870 4273 -

405 4328 578 4392 possit
619 4327 922 4380 aestimatio
960 4326 1188 4391 Dahllo‘s
1215 4337 1306 4393 pp.
1352 4340 1460 4391 127
1490 4345 1563 4392 sq.
1605 4327 2054 4391 positaestimatio
2079 4327 2119 4379 S
2144 4326 2640 4390 positaestimitatio
2665 4324 2863 4390 Abin-¹

404 4417 582 4480 posita
605 4428 686 4469 est
712 4417 983 4470 estimatio
1009 4415 1201 4482 λργς.
1222 4442 1260 4452 -
1281 4416 1468 4468 referri
1486 4430 1529 4479 p
1548 4416 1749 4469 referre
1766 4416 1858 4469 SR
1876 4416 2096 4469 refferre
2112 4416 2166 4468 A
2182 4442 2220 4453 -
2235 4431 2273 4479 4
2291 4415 2379 4468 uel
2399 4415 2659 4480 frigidam
2678 4432 2775 4467 om.
2802 4415 2868 4469 8ι
