3109 5559
802 1449 1071 1511 LIBER
1123 1448 1453 1512 PRIMVS
1505 1449 1757 1511 HAEC
1807 1449 2276 1512 CONTINET

566 1700 613 1761 Ι.
664 1699 1030 1779 Praecepta
1078 1719 1249 1779 quae
1296 1710 1659 1779 sequantur
1705 1699 1816 1779 qui
1866 1699 2160 1761 rusticari
2210 1698 2431 1760 uelint.

537 1807 615 1869 ΙΙ.
670 1805 971 1886 Qualiter
1018 1807 1382 1886 dispositus
1431 1805 1671 1866 fundus
1720 1807 2007 1867 maxime
2056 1807 2388 1886 probetur.

503 1914 614 1976 111.
668 1913 861 1994 Quae
912 1914 1264 1993 praecipue
1314 1913 1729 1991 inspiciendo
1779 1933 1960 1994 agr0‚
1997 1926 2348 1994 antequam
2383 1926 2656 1990 ematur,

734 2019 1030 2081 notanda
1077 2020 1226 2081 sint.

473 2127 615 2189 1111.
670 2127 773 2189 De
820 2125 1205 2189 salubritate
1255 2127 1617 2207 regionum.

532 2235 615 2296 V.
668 2235 774 2296 De
823 2255 1012 2314 aqua.

500 2341 616 2403 VI.
669 2341 773 2403 De
824 2341 1154 2420 positione
1202 2339 1411 2403 uillae.

469 2448 618 2510 VII.
669 2448 776 2510 De
824 2447 1060 2510 officiis
1109 2449 1312 2528 patris
1363 2447 1667 2509 familiae.

592 2682 651 2728 L.
696 2680 816 2740 Juni
865 2680 1122 2729 Moderati
1168 2681 1457 2744 Columelle
1496 2681 1571 2729 rei
1610 2681 1801 2744 rustice
1837 2657 1926 2728 lig.
1966 2680 2100 2742 prifii
2138 2679 2276 2743 incip
2313 2682 2530 2728 maiusc.
2569 2681 2656 2727 litt.

411 2771 552 2817 rubr.
592 2771 628 2818 8
664 2769 849 2830 Incipit
895 2770 1028 2818 liber
1072 2769 1272 2831 primus
1323 2770 1431 2817 Iuni
1469 2769 1727 2818 Moderati
1766 2769 2057 2818 Columelle
2096 2769 2172 2818 rei
2210 2770 2404 2818 rustice
2443 2770 2581 2816 rubr.
2621 2771 2659 2817 A

412 2860 468 2907 L.
507 2858 639 2908 Iunii
676 2859 931 2908 moderati
970 2860 1282 2907 columellae
1317 2859 1617 2923 (columelle
1654 2858 1708 2916 d)
1733 2860 1808 2907 rei
1846 2859 2074 2907 rusticae
2103 2860 2235 2907 liber
2258 2860 2458 2920 primus
2485 2858 2662 2919 incipit

411 2951 479 2997 bd
527 2949 587 2997 L.
636 2948 749 2996 Iuni
804 2947 1061 2997 Mo‘derati
1116 2948 1440 2997 Columellae
1496 2948 1572 2996 rei
1628 2948 1854 3000 rusticae
1910 2948 2042 2996 liber
2094 2949 2293 3010 primus
2331 2947 2510 3009 incipit
2547 2948 2657 2996 feli·

410 3038 540 3087 citer
581 3051 618 3098 μ
666 3037 795 3086 Iunii
832 3037 1090 3086 Moderati
1129 3038 1419 3086 Columelle
1457 3038 1534 3086 rei
1573 3038 1767 3086 rustice
1805 3037 1939 3085 liber
1973 3037 2175 3099 primus
2213 3037 2390 3099 incipit
2444 3036 2663 3086 feliciter

412 3128 631 3175 maiusc.
670 3127 768 3174 litt.
810 3142 921 3176 aur.
963 3142 997 3175 a
1034 3127 1092 3174 L.
1132 3127 1243 3174 Iuni
1280 3128 1537 3175 moderati
1577 3127 1850 3191 columelle
1887 3126 2012 3175 retii
2051 3127 2364 3175 rusticarum
2402 3126 2535 3175 liber
2558 3127 2661 3188 pri-

412 3233 528 3264 mus
577 3217 759 3278 incipit
804 3216 946 3263 rubr.
986 3232 1037 3265 m
1083 3216 1217 3278 Lutij
1266 3215 1397 3264 Iunii
1435 3216 1690 3264 Moderati
1729 3216 2020 3265 Columelle
2058 3217 2124 3265 de
2162 3217 2240 3265 Re
2278 3217 2493 3266 Rustica
2530 3217 2661 3265 liber

408 3305 615 3366 primus
650 3305 836 3367 Incipit
861 3305 1193 3354 Prohemium
1220 3307 1360 3353 rubr.
1386 3308 1405 3354 1
1434 3306 1489 3353 L.
1517 3305 1774 3355 Moderati
1803 3306 2095 3355 Columelle
2123 3307 2199 3355 De
2226 3323 2283 3354 re
2310 3305 2506 3355 rustica
2529 3307 2662 3355 liber

408 3395 615 3456 primus
651 3395 829 3456 incipit
867 3395 1082 3442 maiusc.
1120 3395 1213 3443 litt.
1253 3395 1394 3443 rubr.
1433 3410 1471 3454 g
1508 3396 1568 3443 L.
1605 3395 1736 3442 Iunii
1762 3395 2020 3444 Moderati
2046 3396 2337 3445 Columelle
2365 3396 2440 3444 rei
2467 3396 2660 3444 rustice

410 3485 544 3532 liber
600 3485 800 3546 primus
857 3484 1072 3532 maiusc.
1112 3484 1252 3532 rubr.
1291 3498 1355 3545 qs
1401 3484 1458 3532 1..
1506 3484 1638 3532 Iunii
1685 3483 1942 3532 Moderati
1989 3485 2313 3533 Columellae
2364 3484 2440 3533 rei
2478 3486 2660 3533 rustici

413 3573 532 3621 libri
570 3572 725 3635 primi
764 3572 993 3635 capitula
1030 3573 1245 3621 maiusc.
1283 3573 1375 3622 litt.
1414 3577 1441 3622 t
1658 3574 2034 3636 inscriptionem
2072 3590 2176 3620 om.
2215 3574 2432 3633 ekpuvfl
2468 3574 2538 3621 al.

593 3680 981 3744 Argumentum
1036 3680 1158 3728 tilm·
1208 3697 1311 3729 om.
1350 3682 1426 3730 SA
1462 3686 1510 3729 et
1542 3684 1587 3729 Β
1635 3682 1874 3744 plerique,
1919 3681 2164 3743 praebent
2196 3683 2511 3741 bqustuu,
2547 3686 2664 3743 post

410 3768 795 3832 praefationem
846 3770 1023 3833 posuit
1064 3785 1102 3829 g
1299 3769 1534 3818 tabulam
1585 3775 1895 3833 argumenta
1954 3771 2191 3817 omnium
2243 3769 2493 3816 librorum
2545 3786 2661 3817 con-

414 3861 657 3905 tinentem
690 3860 1031 3922 praemittunt
1066 3873 1103 3907 ι
1137 3864 1184 3906 et
1218 3864 1333 3907 uett.
1371 3857 1484 3907 edd.
1693 3856 1998 3919 conserenda
2029 3862 2155 3906 sunt
2177 3863 2506 3921 argumenta,
2534 3876 2664 3921 quae

410 3953 530 4011 post
552 3948 725 4009 finem
765 3949 885 3996 libri
917 3946 1176 3996 undecimi
1208 3949 1422 3996 inseruit
1453 3950 1668 4011 scriptor

598 4055 797 4104 LIBER
837 4055 1092 4105 PRIMVS
1130 4055 1320 4105 HAEC
1361 4053 1712 4104 CONTINET
1758 4072 1818 4103 ex
1853 4071 1968 4119 arg.
2002 4060 2118 4119 post
2151 4056 2235 4102 lib.
2274 4054 2357 4103 XI
2386 4063 2483 4118 pro
2520 4056 2663 4104 titulo

412 4144 507 4193 hoc
542 4145 654 4191 loco
690 4142 872 4192 addidi
1083 4160 1323 4193 numeros
1353 4151 1471 4208 post
1505 4161 1682 4193 uersus
1709 4146 1884 4208 posuit
1917 4161 1968 4193 m
1995 4161 2038 4192 c.
2066 4146 2103 4206 1,
2130 4144 2175 4191 11
2200 4160 2275 4205 sq.
2297 4148 2414 4207 post
2437 4161 2613 4192 uersus
2637 4149 2664 4194 t

598 4248 632 4281 a
675 4237 856 4283 uolunt
893 4235 930 4286 (i
966 4242 1126 4298 supra
1150 4250 1183 4283 u
1208 4231 1325 4296 scr.)
1349 4238 1384 4283 d
1528 4249 1562 4296 3
1591 4235 1869 4295 Qualititer
1894 4238 1929 4284 b
2076 4253 2106 4292 4
2136 4234 2467 4296 respiciendo
2493 4249 2520 4283 s

416 4340 447 4385 5
488 4326 597 4373 siut
634 4325 816 4385 scripsi
839 4338 850 4372 :
878 4333 999 4373 sunt
1035 4325 1219 4372 codices
1252 4329 1297 4372 et
1321 4324 1544 4372 hocloco
1571 4329 1754 4388 etpost
1773 4325 1858 4373 lib.
1888 4324 1974 4373 XI
2112 4339 2147 4386 9
2174 4324 2339 4385 patris
2364 4324 2585 4372 familias
2611 4340 2662 4372 m

2619 2001 2708 2120 ‘s'
