3109 5559
1350 215 1472 282 Rei
1500 215 1781 282 rusticae
1810 215 1924 283 lib.
1960 216 2058 281 IV
2086 238 2143 283 c.
2177 236 2382 303 30-33
2524 238 2640 305 103

117 419 143 468 5
184 391 445 457 minum
470 391 631 479 ripis
656 406 723 458 et
749 391 1070 458 limitibus
1096 413 1172 458 ac
1197 392 1514 478 uepribus
1539 393 1956 460 commodius
1983 415 2186 480 quam
2211 393 2448 460 mediis
2474 395 2644 482 agris

183 497 557 584 deponitur.
649 519 690 564 2
734 499 970 564 seritur
1016 498 1261 565 bulbus
1308 498 1565 578 radiciS,
1614 500 1851 565 seritur
1896 513 1963 566 et
2007 500 2173 566 talea
2219 499 2470 580 mlami,
2521 523 2644 568 nec

183 604 405 671 minus
430 619 575 672 toto
600 604 1036 692 prosternitur
1060 627 1355 691 corpore.
1387 605 1632 672 bulbus
1657 605 2056 692 tripedaneis
2082 606 2642 674 interuacantibus

181 710 408 796 spatiis
451 711 731 778 obrutus
767 734 940 779 anno
972 712 1246 778 celerius
1275 726 1603 778 maturam
1633 712 1950 798 perticam
1973 711 2261 800 praebet,
2294 713 2462 780 talea
2492 724 2639 801 e<t>

183 830 317 884 tota
365 817 674 885 harundo
724 819 931 884 serius
981 818 1315 904 praedicto
1365 833 1663 906 tempore
1712 819 1955 886 euenit.
2009 819 2127 885 sed
2163 820 2303 885 siue
2336 819 2541 886 recisa
2571 820 2641 887 in

85 952 140 988 10
181 924 608 1010 dupundium
656 939 722 991 et
770 925 1111 991 semissem
1157 926 1325 991 talea
1372 926 1511 991 siue
1561 939 1698 992 tota
1747 938 2072 1011 prostrata
2120 926 2377 1013 depone
2386 930 2639 1010 [re]tur,

180 1045 435 1098 exstent
467 1053 694 1097 earum
725 1031 1084 1110 cacumina,
1120 1054 1288 1119 quae
1318 1032 1374 1097 si
1405 1032 1641 1097 obruta
1672 1045 1847 1110 sunt,
1881 1045 2055 1098 totae
2087 1046 2493 1118 putrescunt.

252 1156 302 1218 3
344 1137 487 1204 Sed
533 1137 750 1203 cultus
797 1137 1250 1203 harundinetis
1297 1138 1513 1225 primo
1561 1137 1844 1203 triennio
1893 1160 2029 1204 non
2076 1137 2241 1204 alius
2286 1153 2387 1206 est
2436 1161 2639 1226 quam

182 1244 430 1310 ceteris.
486 1266 642 1310 cum
690 1244 929 1310 deinde
978 1244 1342 1323 consenuit,
1394 1244 1934 1328 repastinandum
1979 1258 2099 1311 est.
2150 1266 2228 1310 ea
2273 1259 2372 1312 est
2419 1260 2643 1312 autem

180 1365 503 1429 senectus,
546 1371 702 1416 cum
739 1350 846 1416 uel
884 1351 1134 1416 exaruit
1171 1350 1302 1416 situ
1340 1364 1407 1417 et
1445 1349 1678 1416 inertia
1713 1351 2006 1437 plurium
2044 1372 2369 1417 annorum
2406 1352 2513 1418 uel
2552 1352 2643 1419 ita

89 1484 138 1531 15
182 1455 531 1523 densatum
559 1470 678 1536 est,
710 1471 785 1523 ut
812 1456 1068 1543 gracilis
1095 1470 1161 1523 et
1189 1478 1433 1523 cannae
1463 1456 1696 1522 similis
1723 1456 2025 1524 harundo
2054 1458 2347 1544 prodeat.
2439 1479 2482 1541 4
2523 1459 2641 1525 sed

182 1561 339 1629 illud
374 1564 459 1630 de
494 1564 752 1650 integro
786 1563 999 1630 refodi
1031 1562 1248 1642 debet,
1286 1564 1413 1630 hoc
1446 1577 1665 1650 potest
1696 1563 1998 1630 intercidi
2032 1578 2098 1631 et
2132 1564 2420 1644 dirarari,
2458 1566 2640 1653 quod

182 1691 345 1754 opus
381 1670 616 1737 rustici
652 1671 1110 1737 castrationem
1146 1685 1406 1750 uocant,
1449 1692 1618 1757 quae
1653 1684 1875 1737 tamen
1913 1670 2182 1737 refectio
2219 1669 2642 1738 harundineti

184 1796 365 1842 caeca
408 1790 533 1855 est,
581 1777 737 1864 quia
779 1800 915 1843 non
958 1792 1228 1864 apparet
1271 1777 1341 1842 in
1384 1791 1575 1856 terra,
1624 1777 1787 1863 quid
1831 1791 1945 1844 aut
1986 1777 2356 1843 tollendum
2400 1778 2485 1844 sit
2528 1792 2642 1845 aut

185 1882 711 1971 relinquendum.
776 1883 1177 1950 tolerabilius
1236 1898 1458 1950 tamen
1519 1883 1821 1949 harundo
1882 1897 2218 1963 castratur,
2283 1898 2640 1971 antequam

90 2014 148 2050 κο
185 1989 490 2069 caeditur,
533 1990 714 2076 quod
748 1989 1160 2077 aliquatenus
1193 1991 1378 2056 uelut
1412 1990 1662 2056 indices
1697 1989 1929 2056 calami
1963 1990 2437 2070 demonstrant,
2463 1990 2641 2077 quid

185 2097 552 2162 emendum
573 2097 676 2163 sit.
764 2115 809 2177 5
851 2110 1117 2182 tempus
1140 2097 1585 2183 repastinandi
1607 2109 1674 2162 et
1694 2097 2085 2163 conserendi
2106 2111 2225 2176 est,
2252 2096 2641 2184 priusquam

189 2203 354 2267 oculi
386 2202 839 2269 harundinum
870 2203 1298 2288 egerminant.
1335 2203 1633 2269 caeditur
1666 2203 1905 2269 deinde
1939 2217 2090 2291 post
2122 2202 2448 2269 brumam,
2485 2224 2642 2270 nam

188 2328 390 2395 usque
428 2309 500 2375 in
539 2309 610 2375 id
648 2323 913 2395 tempus
950 2309 1433 2376 incrementum
1471 2310 1666 2396 capit,
1708 2331 1783 2375 ac
1820 2323 1967 2375 tum
2005 2310 2442 2397 conpescitur,
2484 2331 2641 2376 cum

191 2413 468 2501 obriguit
528 2415 807 2482 hiberno
866 2415 1128 2502 frigore.
1191 2415 1584 2482 fodiendum
1645 2416 1950 2502 quotiens
2009 2430 2076 2483 et
2133 2416 2456 2483 uinetum.
2520 2416 2638 2482 sed

94 2544 149 2593 κς
190 2521 417 2587 macies
469 2522 616 2588 eius
666 2522 884 2589 cinere
938 2522 1045 2588 uel
1099 2522 1226 2588 alio
1280 2536 1563 2588 stercore
1617 2521 1906 2588 iuuanda
1956 2536 2076 2602 est,
2133 2537 2402 2609 propter
2456 2522 2639 2609 quod

192 2646 442 2694 caesum
472 2629 772 2715 plerique
804 2629 1170 2695 incendunt
1200 2628 1736 2696 harundinetum.

79 2854 157 2930 33
192 2847 568 2916 Cast-uuicti
599 2850 784 2918 satio

273 3030 313 3072 r
350 3009 672 3077 Castanea
725 3010 1073 3078 roboribus
1128 3009 1427 3097 proxima
1480 3024 1581 3076 est
1635 3023 1701 3075 et
1755 3009 1905 3076 ideo
1961 3009 2368 3076 stabiliendis
2423 3008 2637 3075 uineis

193 3110 432 3182 habilis.
464 3132 615 3185 tum
644 3117 714 3183 in
743 3116 1138 3204 repastinato
1169 3140 1307 3183 nux
1336 3116 1547 3204 posita
1578 3116 1871 3182 celeriter
1900 3116 2136 3182 emicat
2165 3131 2229 3183 et
2258 3130 2411 3203 post
2441 3115 2636 3203 quin-

256 3288 339 3339 33:
364 3275 465 3340 Gp.
500 3276 662 3339 10,63
698 3302 737 3312 -
772 3291 908 3341 2-35
933 3275 1071 3328 Ptin.
1096 3286 1205 3328 nat.
1233 3287 1597 3340 17,r47-r5o;
1620 3275 1830 3328 Pallad.
1857 3287 2175 3339 12,7,17-22
2211 3301 2250 3312 -
2286 3291 2386 3339 2-3
2411 3274 2627 3328 Pauad.

195 3370 393 3425 12,15,2
428 3391 465 3401 -
501 3366 677 3431 25-26
710 3365 860 3429 Verg.
882 3381 1054 3429 georg.
1082 3376 1232 3428 2‚15‚·
1255 3365 1394 3417 Plin.
1420 3374 1534 3417 nat.
1563 3378 1648 3428 17,
1652 3376 1720 3428 59

194 3501 323 3565 (post
344 3506 559 3571 radicis)
584 3524 683 3559 om.
708 3507 801 3560 SA
834 3533 872 3543 -
906 3520 940 3571 7
963 3518 1083 3559 toto
1105 3523 1203 3559 om.
1228 3507 1281 3559 A
1314 3533 1353 3543 -
1386 3507 1856 3571 interuagantibus
1879 3506 1932 3558 A
1966 3533 2003 3543 -
2039 3507 2071 3558 8
2095 3506 2245 3559 satiis
2269 3505 2332 3558 S¹
2354 3506 2484 3558 satis
2509 3505 2562 3557 A
2597 3532 2637 3543 -

196 3591 429 3648 obtuitus
461 3596 514 3647 A
546 3622 586 3632 —
622 3596 761 3647 talea
793 3606 847 3648 et
877 3596 1005 3648 Ala,
1043 3596 1211 3647 taleae
1245 3595 1386 3648 SAR
1419 3623 1458 3633 -
1493 3612 1526 3659 9
1562 3607 1675 3649 tota
1710 3595 1818 3661 ΒΑ]
1853 3607 1999 3648 totae
2031 3594 2160 3647 Ιιλσ
2191 3622 2228 3632 -
2258 3595 2494 3647 tarundo
2518 3594 2635 3647 S²A

197 3683 392 3735 arundo
409 3684 471 3736 S¹
505 3711 544 3721 ·-
585 3701 651 3737 10
670 3685 838 3736 taleae
861 3684 1002 3750 λργ’
1021 3685 1148 3737 talei
1166 3683 1198 3736 t
1225 3711 1264 3721 -
1297 3697 1412 3737 tots
1431 3685 1523 3737 SA
1541 3696 1688 3737 totae
1709 3685 2042 3737 harundines
2056 3683 2167 3749 ,ἰλσ
2184 3695 2331 3737 totae
2351 3683 2395 3735 h
2428 3710 2467 3720 -
2501 3700 2632 3748 pro·

196 3778 347 3821 ttrats
370 3771 410 3824 S
432 3785 671 3837 pretrata
695 3774 748 3825 A
772 3784 1071 3838 prostratae
1096 3775 1147 3826 R
1182 3801 1220 3810 -
1255 3774 1562 3838 deponetur
1589 3789 1658 3825 m
1683 3774 2050 3838 deponeretur
2074 3772 2362 3838 SAhjvyn
2387 3773 2632 3837 depone·

198 3868 368 3911 rentur
387 3860 515 3928 bf¹p
538 3863 888 3927 deponentur
909 3877 945 3926 9
979 3889 1018 3899 -
1057 3880 1114 3915 u
1142 3864 1355 3915 camina
1376 3863 1468 3915 SA
1501 3890 1539 3899 -
1575 3879 1715 3927 quae
1729 3860 1857 3928 jlpy
1879 3864 1968 3915 uel
1991 3862 2084 3915 SA
2105 3862 2438 3914 harundines
2461 3861 2505 3913 h
2527 3878 2627 3914 om.

199 3941 305 4009 λς·
334 3975 371 3985 -
402 3952 706 4005 obrutseR
738 3978 777 3988 -
818 3951 1161 4004 12cuitusA
1193 3979 1232 3989 -
1267 3951 1411 4004 esS²
1445 3978 1484 3988 -
1525 3952 1991 4016 14plurimumA
2025 3978 2063 3988 -
2099 3951 2629 4004 itadensatumRit

199 4033 261 4084 ad
282 4051 549 4092 sensatum
575 4041 615 4094 S
639 4041 715 4093 its
740 4041 1090 4093 desensatum
1114 4041 1167 4093 A
1199 4068 1237 4077 -
1278 4041 1341 4093 16
1367 4040 1618 4092 disrarari
1644 4038 1749 4105 hjo
1770 4040 1934 4093 dirari
1959 4039 2047 4092 λά
2080 4066 2119 4076 -
2159 4054 2221 4104 17
2247 4040 2632 4092 castrationem

192 4117 458 4191 ib²rr¹yea
489 4130 841 4194 stipationem
873 4128 1086 4195 ΒΑΙιλρ
1120 4156 1158 4166 -
1191 4130 1400 4182 uocarit
1433 4129 1525 4182 SA
1559 4156 1597 4166 -
1633 4145 1703 4182 20
1735 4130 1886 4193 quod
1920 4129 2263 4193 aliquatenus
2296 4127 2447 4181 hb’o
2479 4129 2634 4193 quod

199 4223 447 4271 quatenus
463 4216 487 4281 j
511 4229 783 4282 quatenus
807 4218 897 4271 SA
920 4219 1073 4283 quod
1097 4219 1437 4282 aliquatenus
1461 4229 1732 4283 quatenus
1756 4218 1838 4283 λγ
1871 4244 1910 4254 -
1946 4233 2015 4271 22
2038 4218 2211 4270 oculis
2234 4217 2324 4270 SA
2359 4244 2397 4254 -
2431 4218 2629 4282 heger-

198 4299 391 4355 minant
407 4304 521 4358 S¹A
553 4333 593 4344 -
629 4323 694 4371 23
716 4308 776 4360 in
793 4308 850 4360 id
868 4319 1088 4371 tempus
1106 4307 1188 4358 λσ
1203 4307 1261 4360 id
1278 4307 1336 4359 in
1354 4317 1573 4371 tempus
1592 4305 1700 4371 SAj
1721 4307 1780 4359 in
1796 4318 2016 4371 tempus
2036 4307 2094 4359 id
2111 4306 2188 4359 ht
2220 4333 2259 4343 -
2294 4306 2632 4359 confescitur

199 4384 305 4439 ΒΨ
328 4394 609 4447 conficitur
637 4395 830 4448 Ahbr²
863 4423 903 4433 -
938 4412 1008 4460 24
1036 4397 1287 4449 uinetum
1312 4397 1494 4460 scripsi
1518 4396 1738 4448 uincam
1766 4396 1857 4448 SA
1884 4396 2070 4448 uineta
2097 4394 2268 4462 h¹jbe
2287 4395 2532 4448 uinctam
2561 4393 2632 4447 h¹

206 4475 350 4530 uinea
370 4496 436 4534 m
469 4509 508 4520 -
541 4484 611 4538 26
634 4485 896 4538 incedunt
918 4484 1040 4538 SAf

272 4580 352 4632 ³3:
390 4586 411 4621 1
434 4582 516 4636 pr.
542 4572 820 4639 SAhbfyc
852 4600 891 4611 -
925 4574 1231 4627 castanietis
1255 4573 1295 4626 S
1318 4574 1576 4626 castaneti
1599 4573 1674 4626 A¹
1708 4600 1747 4610 -
1782 4590 1815 4628 2
1840 4585 1894 4625 et
1918 4575 2043 4627 ideo
2066 4572 2158 4625 SA
2179 4572 2415 4637 ideoque
2437 4573 2491 4624 R
2523 4599 2563 4609 -
2599 4588 2628 4635 3
