3109 5559
1991 238 2111 305 Rei
2141 237 2418 305 rusticae
2448 238 2490 305 li

659 431 1043 493 taremuS,
1101 414 1234 480 iam
1290 412 1465 480 dicta
1517 427 1693 480 sunt.
1785 434 1826 480 2
1868 414 1987 482 sed
2040 438 2125 481 ne
2178 437 2359 482 nunc
2413 437 2494 502 qu

667 518 1025 590 breuiter
1063 519 1332 607 pigebit:
1375 542 1530 586 nam
1570 520 1754 607 quod
1791 534 1890 587 est
1927 520 2443 588 excelsissimum
2480 545 2498 588 ι

659 630 899 696 sima
927 648 1081 692 uasa
1106 640 1173 693 et
1198 640 1453 693 uestem
1479 626 1825 707 desiderat,
1855 628 2038 714 quod
2065 627 2351 715 denique
2378 628 2500 695 hor

662 733 1014 811 aridum,
1041 731 1391 799 frumentis
1415 732 1697 799 habetur
1719 732 2055 813 idoneum,
2084 734 2267 821 quod
2290 733 2504 821 frigidi

557 875 602 912 0
657 842 969 909 uinum
995 839 1303 919 custodit,
1334 839 1518 926 quod
1545 838 1714 906 bene
1742 840 2035 920 inlustre,
2066 840 2365 927 fragilem
2391 862 2506 927 sup

664 944 1023 1037 postulat
1060 966 1279 1032 opera,
1320 967 1489 1033 quae
1527 945 1721 1012 multi
1759 945 2027 1012 luminis
2063 946 2380 1033 indigent.
2464 967 2510 1029 3

663 1052 1159 1139 receptaculis
1186 1051 1517 1139 oportebit
1545 1074 1668 1118 suo
1697 1052 1993 1140 quidque
2022 1052 2167 1119 loco
2196 1054 2512 1141 generatir

664 1159 979 1230 cialiter
1000 1158 1319 1224 nonnulla
1339 1158 1708 1245 disponere,
1733 1181 1867 1245 quo
1888 1159 2163 1238 facilius,
2187 1181 2343 1225 cum
2364 1161 2516 1247 quid

667 1266 1020 1353 recipere
1043 1264 1270 1351 possit.
1296 1286 1452 1331 nam
1473 1279 1668 1331 uetus
1688 1279 1787 1332 est
1809 1265 2258 1351 prouerbium:
2284 1287 2518 1354 paupe1

557 1407 606 1456 ‘5
664 1396 874 1452 esse,
930 1392 1092 1436 cum
1130 1370 1404 1437 alicuius
1443 1371 1751 1459 indigeat,
1794 1371 1892 1438 uti
1930 1393 2010 1438 eo
2048 1394 2185 1438 non
2224 1394 2436 1459 posse,
2480 1394 2522 1460 q

670 1480 1102 1569 proiectum
1126 1476 1349 1556 iaceat,
1378 1477 1562 1564 quod
1588 1477 2013 1545 desideratur.
2040 1478 2262 1565 itaque
2289 1478 2359 1545 in
2384 1501 2453 1545 re
2478 1478 2524 1545 fa

666 1602 791 1655 est
830 1583 1268 1669 neglegentia
1299 1605 1501 1670 quam
1532 1583 1888 1670 diligentia.

777 1713 830 1776 4
885 1689 1073 1765 Quis
1112 1690 1290 1756 enim
1331 1689 1592 1756 dubitet
1630 1689 1795 1756 nihil
1833 1713 1975 1757 esse
2015 1690 2355 1779 pulchrius
2394 1692 2463 1758 in
2501 1714 2530 1757 c

671 1796 1162 1887 dispositione
1187 1809 1384 1883 atque
1408 1797 1660 1877 ordine,
1689 1797 1871 1883 quod
1895 1797 2093 1863 etiam
2117 1796 2387 1864 ludicris
2409 1819 2534 1884 spe·

556 1938 626 1975 ιο
674 1924 1144 1993 cognoscere:
1178 1924 1332 1968 nam
1361 1902 1480 1969 ubi
1508 1902 1750 1969 chorus
1778 1903 2157 1970 canentium
2186 1926 2323 1970 non
2350 1904 2435 1970 ad
2464 1926 2537 1971 ce

674 2009 1024 2080 numeris
1093 2009 1466 2096 praeeuntis
1535 2008 1826 2096 magistri
1894 2010 2245 2089 consensit,
2318 2010 2538 2076 disson

675 2118 1217 2187 tumultuosum
1252 2115 1675 2182 audientibus
1710 2137 1941 2182 canere
1977 2116 2263 2196 uidetur3
2302 2130 2368 2183 at
2403 2117 2522 2183 ubi

678 2224 1013 2313 pedibus
1065 2222 1251 2288 uelut
1301 2221 1474 2288 facta
1524 2222 2007 2308 conspiratione
2060 2223 2392 2290 consensit
2444 2236 2546 2310 atq

680 2328 1058 2399 eiusmodi
1106 2350 1352 2395 uocum
1401 2328 1753 2395 concordia
1802 2351 1938 2395 non
1987 2328 2204 2395 solum
2252 2330 2414 2415 ipsis
2463 2351 2548 2395 ca]

566 2468 632 2516 25
684 2437 1049 2526 quiddam
1076 2448 1143 2501 et
1169 2434 1362 2502 dulce
1389 2448 1650 2501 resonat
1675 2457 1911 2501 uerum
1937 2435 2135 2501 etiam
2161 2449 2530 2523 spectantes

683 2545 972 2612 tissima
1029 2541 1371 2628 uoluptate
1424 2541 1935 2628 permulceatur.
2022 2560 2070 2623 5
2111 2542 2243 2608 iam
2294 2564 2456 2608 uero
2506 2542 2554 2608 ir

688 2652 898 2718 miles
939 2670 1170 2735 neque
1205 2649 1562 2736 imperator
1597 2648 1737 2715 sine
1773 2649 2004 2715 ordine
2040 2669 2117 2714 ac
2152 2647 2558 2735 disposition«

686 2758 1069 2845 explicare,
1109 2777 1265 2821 cum
1299 2768 1590 2821 armatus
1623 2754 1964 2834 inermem,
2003 2776 2207 2841 eques
2242 2755 2555 2841 peditem,

689 2877 860 2944 tem,
903 2863 966 2929 si
1008 2861 1144 2927 sint
1179 2860 1507 2947 permixti,
1544 2860 1976 2927 confundant.
2016 2859 2177 2927 haec
2210 2861 2442 2928 eadem
2475 2878 2558 2927 rat

577 2997 645 3044 30
689 2984 906 3057 atque
940 2967 1207 3035 ordinis
1236 2968 1435 3034 etiam
1465 2967 1535 3033 in
1567 2967 1845 3053 nauigiis
1876 2966 2239 3054 plurimum
2268 2968 2463 3034 ualet:
2498 2990 2558 3034 n:

692 3074 980 3143 incessit
1006 3087 1079 3140 et
1101 3087 1201 3139 est
1223 3073 1345 3141 rite
1369 3073 1688 3160 disposita
1709 3073 1917 3153 nauis,
1943 3095 2065 3139 suo
2090 3072 2385 3160 quidque
2408 3074 2556 3140 ordi

692 3196 1022 3249 mentum
1062 3179 1205 3246 sine
1240 3179 1676 3266 trepidatione
1713 3180 2011 3246 minister
2045 3179 2312 3266 promit,
2351 3201 2506 3247 cum
2542 3204 2558 3246 ε

696 3288 1150 3373 postulatum.
1244 3288 1288 3348 6
1328 3285 1512 3373 quod
1543 3286 1601 3352 si
1631 3300 1893 3352 tantum
1925 3285 2085 3352 haec
2117 3300 2397 3373 possunt
2427 3287 2535 3353 uel

697 3393 1119 3461 exercitibus
1144 3392 1252 3458 uel
1278 3391 1477 3459 etiam
1504 3391 1575 3458 in
1602 3392 1900 3478 nauigiis,
1930 3391 2095 3458 nihil
2122 3391 2405 3459 dubium
2430 3407 2549 3473 est,

593 3522 654 3572 ³5
700 3501 1021 3567 ordinem
1064 3498 1700 3585 dispositionemque
1736 3520 1978 3578 rerum,
2020 3520 2184 3585 quas
2220 3500 2500 3587 reponit,
2542 3523 2558 3565 ‹

705 3605 1237 3693 unumquidque
1274 3603 1530 3671 facilius
1566 3604 2037 3685 consideratur,
2078 3627 2233 3671 cum
2267 3618 2368 3671 est
2403 3606 2558 3692 adsi,

707 3724 791 3791 et,
830 3713 889 3778 si
926 3712 1103 3799 quid
1137 3710 1307 3777 forte
1341 3710 1544 3791 abest,
1583 3711 1723 3797 ipse
1757 3733 2008 3777 uacuus
2041 3710 2225 3777 locus
2258 3711 2558 3779 admonet

711 3819 1115 3903 requiratur;
1145 3817 1201 3882 si
1231 3817 1394 3904 quid
1423 3839 1583 3883 uero
1610 3817 1824 3883 curari
1851 3831 1964 3884 aut
1992 3817 2370 3884 concinnari
2396 3840 2558 3905 opor

719 4133 959 4198 recipere
983 4132 1280 4201 SAhjpy¹e
1303 4132 2020 4199 repeririwreperirer’
2053 4160 2093 4171 -
2133 4149 2194 4199 15
2221 4134 2540 4199 indigeasR

724 4217 1173 4277 inreARreis
1205 4250 1245 4260 —
1280 4222 1520 4276 zoatS²
1554 4248 1595 4260 -—
1630 4239 1692 4277 21
1725 4221 2558 4288 premtissffcpmeceuntisy

724 4308 790 4360 ad
824 4310 888 4363 8ι
922 4339 962 4349 -
999 4330 1067 4378 23
1108 4312 1383 4365 continuit
1418 4311 1458 4365 S
1491 4338 1530 4348 -
1566 4326 1635 4377 27
1670 4312 1848 4364 ualeat
1882 4312 1988 4364 AR
2020 4337 2060 4349 -—
2094 4312 2163 4364 28
2198 4311 2471 4377 perditem
2506 4313 2558 4365 Sa

728 4397 916 4452 eodem
943 4402 999 4454 R
1030 4402 1184 4455 enim
1214 4401 1307 4454 SA
1338 4427 1378 4438 -
1414 4417 1476 4465 31
1514 4418 1617 4454 suo
1649 4400 1897 4465 quidque
1926 4416 1971 4465 p
2002 4417 2104 4453 suo
2136 4401 2368 4467 quitque
2398 4400 2438 4454 S
2469 4418 2558 4453 suc

728 4481 936 4553 ᾸΙΙλργ
953 4507 1174 4556 suoque
1193 4490 1442 4555 quidque
1452 4488 1540 4555 irc
1575 4516 1614 4526 -
1649 4506 1720 4554 34
1739 4490 2007 4543 excitibus
2027 4489 2090 4543 S²
2124 4516 2163 4527 -
2198 4491 2267 4555 36
2286 4489 2558 4554 unumqui

729 4568 818 4624 SA
842 4579 1290 4645 unumquodque
1319 4578 1447 4632 Ιιλσ
1479 4605 1518 4616 ·-
1551 4577 1930 4631 consideratur
1957 4579 2045 4644 up
2073 4580 2482 4634 consideratum
2511 4577 2558 4629 S.

734 4694 762 4731 2
781 4698 990 4751 ‘'⁶71284
