3109 5559
702 276 784 321 20
1301 280 1353 320 L.
1406 279 1527 320 lle
1579 279 1900 321 MODERATI
1949 280 2361 322 COLVMELLAE

694 438 918 500 ultima
954 450 1136 518 parte
1172 439 1386 499 Martii
1423 449 1572 500 sunt
1605 439 1918 501 iteranda.
1983 451 2048 500 et
2081 441 2135 500 si
2168 460 2336 520 quae
2371 438 2680 520 pergulae
2713 441 2960 501 uitium

697 565 1155 626 generosarum
1218 545 1321 607 uel
1382 547 1436 606 si
1498 565 1668 624 quae
1726 547 1789 606 in
1848 547 2021 626 agris
2069 557 2178 608 aut
2225 548 2535 628 uepribus
2580 547 2964 627 singulares

698 652 962 713 arbores
1014 653 1282 714 maritae
1330 673 1367 713 a
1418 653 1827 732 putatoribus
1877 651 2137 714 relictae
2185 664 2355 727 sunt,
2404 664 2556 715 ante
2602 652 2962 715 Kalendas

696 758 961 839 Apriles
1006 761 1228 839 utique
1275 760 1574 839 deputari
1623 758 1894 835 debent;
1946 772 2098 839 post
2139 780 2335 840 quam
2369 761 2543 822 diem
2576 780 2719 821 sera
2753 771 2822 822 et
2863 763 2958 823 in-

594 880 625 941 3
639 880 670 940 3
699 866 1023 929 fructuosa
1072 867 1141 928 fit
1189 866 1506 928 eiusmodi
1559 886 1765 927 rerum
1801 865 2064 928 cultura.
2141 867 2293 929 milii
2328 887 2590 948 quoque
2622 878 2689 930 et
2721 871 2958 947 panici
2982 898 3010 942 5

696 975 857 1036 haec
908 975 1116 1054 prima
1162 974 1329 1035 satio
1376 984 1495 1047 est,
1545 993 1714 1053 quae
1763 975 1988 1054 peragi
2028 974 2229 1035 debet
2260 976 2431 1036 circa
2465 975 2616 1037 Idus
2649 975 2952 1055 Apriles.

696 1083 1025 1161 utriusque
1096 1080 1361 1141 seminis
1431 1079 1696 1140 sextarii
1763 1080 1939 1159 quini
2002 1079 2257 1160 singula
2320 1082 2541 1161 iugera
2587 1097 2932 1161 occupant

696 1190 848 1270 quin
921 1188 1114 1248 etiam
1189 1206 1391 1266 pecus
1462 1187 1746 1247 lanatum
1806 1198 2153 1266 ceteraque
2201 1189 2628 1268 quadripedia
2676 1201 2956 1268 tempus

695 1294 1003 1356 idoneum
1059 1305 1159 1355 est
1207 1293 1553 1354 castrandi.
1652 1291 1813 1354 locis
1862 1304 2079 1355 autem
2130 1295 2371 1375 tepidis
2416 1296 2501 1357 ab
2549 1294 2774 1356 Idibus
2823 1295 2886 1356 F
2889 1317 2954 1358 e-

696 1402 967 1462 bruariis
1023 1420 1228 1480 usque
1289 1402 1351 1461 in
1412 1400 1566 1460 Idus
1614 1399 1898 1479 Apriles
1959 1413 2027 1462 at
2075 1400 2235 1463 locis
2283 1401 2531 1481 frigidis
2578 1403 2664 1463 ab
2711 1403 2952 1464 Idibus
2983 1433 3036 1461 ιο

697 1509 945 1570 Martiis
990 1527 1196 1587 usque
1245 1509 1308 1568 in
1361 1506 1513 1568 Idus
1564 1507 1771 1568 Maias
1815 1509 2036 1569 omnia
2070 1520 2244 1570 recte
2279 1529 2516 1588 pecora
2552 1519 2945 1570 castrantur.

593 1735 673 1795 34
696 1721 840 1784 Kal.
892 1721 1055 1802 Apr.
1109 1722 1297 1801 Nepa
1345 1721 1587 1783 occidit
1637 1741 1845 1795 mane,
1881 1732 2341 1801 tempestatem
2373 1723 2717 1802 significat.

697 1829 843 1890 Non
913 1829 1075 1908 Apr.
1148 1828 1475 1890 Fauonius
1542 1841 1654 1889 aut
1719 1828 1961 1890 Auster
2027 1849 2175 1890 cum
2236 1830 2572 1909 grandine,
2623 1849 2946 1890 nonnum·

909 1956 1103 2017 quam
1152 1935 1278 1996 hoc
1328 1935 1497 1996 idem
1551 1936 1776 2015 pridie.

695 2062 793 2104 vm
875 2044 968 2104 Id.
1020 2042 1183 2121 Apr.
1237 2041 1566 2122 Vergiliae
1613 2062 1887 2122 uespere
1934 2041 2239 2117 celantur,
2300 2045 2621 2106 interdum
2672 2045 2944 2108 hiemat-
2977 2071 3031 2112 15

696 2170 773 2210 vu
874 2151 967 2211 Id.
1020 2149 1183 2230 Apr.
1236 2161 1300 2209 et
1350 2168 1408 2209 vr
1455 2161 1521 2209 et
1570 2168 1610 2209 v
1657 2148 1885 2211 Austri
1933 2160 1998 2210 et
2046 2148 2274 2223 Africi,
2319 2160 2778 2231 tempestatem
2812 2154 2944 2234 sig-

909 2257 1146 2318 nificat.

696 2384 773 2425 1111
874 2364 965 2424 Id.
1018 2363 1180 2443 Apr.
1232 2362 1371 2424 sole
1418 2363 1668 2424 oriente
1716 2362 1917 2425 Libra
1972 2363 2274 2425 occidere
2329 2365 2575 2445 incipit,
2612 2366 2941 2428 interdum

908 2480 1370 2550 tempestatem
1419 2469 1761 2549 significat.

591 2587 665 2650 35
696 2578 902 2657 pridie
949 2577 1043 2638 Id.
1094 2577 1257 2656 Apr.
1312 2575 1589 2638 Suculae
1637 2575 1943 2651 celantur,
1996 2577 2256 2639 hiemat.
2966 2604 3027 2634 20

910 2684 1031 2745 His
1077 2684 1309 2745 diebus
1357 2683 1517 2744 locis
1568 2682 1815 2763 frigidis
1862 2685 2068 2764 prima
2111 2686 2439 2747 uinearum
2476 2685 2678 2749 sossio
2710 2690 2941 2769 utique

694 2803 846 2854 ante
893 2791 1045 2853 Idus
1093 2789 1468 2872 peragenda
1515 2801 1634 2862 est,
1685 2811 1982 2871 quaeque
2030 2812 2254 2854 mense
2303 2791 2540 2854 Martio
2589 2807 2742 2874 post
2787 2815 2940 2857 con·

697 2898 935 2961 fectum
969 2899 1447 2979 aequinoctium
1483 2898 1620 2959 fieri
1653 2898 2035 2974 debuerunt,
2073 2919 2243 2961 nunc
2275 2900 2560 2980 denique
2590 2922 2786 2982 quam
2815 2905 2938 2982 pri·

694 3026 866 3067 mum
917 3005 1341 3085 exsequenda
1389 3015 1556 3066 sunt.
1619 3004 1724 3066 fici
1755 3006 2052 3086 uitesque
2084 3006 2297 3069 adhuc
2332 3017 2505 3069 recte
2538 3008 2934 3076 inseruntur:

873 3237 902 3278 3
942 3221 1153 3267 maritae
1190 3219 1229 3274 (t
1268 3222 1395 3265 inter
1425 3237 1451 3267 a
1480 3226 1523 3265 et
1560 3235 1588 3266 e
1624 3227 1876 3282 suprascr.
1917 3213 2013 3274 ιη’)
2050 3223 2083 3268 S
2119 3221 2299 3268 marite
2329 3223 2414 3269 ΑΒ
2452 3222 2500 3268 in
2540 3222 2701 3270 ariete
2725 3226 2790 3271 cd

691 3327 719 3357 a
760 3310 1082 3370 putatoribus
1120 3313 1197 3357 SR
1244 3310 1613 3368 amputatorib3
1655 3311 1692 3356 A
1740 3325 1797 3356 ac
1838 3310 2163 3370 putatoribus
2201 3313 2234 3357 b
2272 3325 2302 3357 a
2338 3312 2688 3371 putationibus
2725 3315 2788 3360 cd

693 3400 866 3447 relicta
907 3401 942 3446 A
1088 3398 1151 3445 ks
1188 3398 1325 3458 apris
1360 3401 1393 3444 S
1430 3384 1497 3445 ki
1536 3398 1676 3458 april
1705 3400 1743 3446 A
1783 3399 1835 3445 kl
1874 3400 1957 3444 uel
1992 3399 2091 3445 kal.
2130 3415 2239 3460 apr.
2278 3400 2360 3446 uel
2392 3401 2537 3460 april.
2573 3404 2614 3447 Β
2761 3420 2790 3460 4
2829 3402 2936 3461 qu3

691 3489 823 3536 diem
851 3490 924 3536 SA
952 3504 1101 3548 quem
1132 3488 1264 3534 diem
1294 3490 1335 3535 Β
1480 3503 1598 3533 sera
1625 3490 1667 3534 Β
1705 3495 1876 3534 cetera
1902 3489 1975 3535 SA
2122 3503 2151 3547 5
2180 3489 2430 3535 eiusmodi
2459 3491 2532 3537 SA
2570 3490 2862 3538 huiusmodi
2891 3494 2932 3540 Β

833 3579 1030 3625 cultura
1070 3580 1112 3625 Β
1150 3593 1271 3624 cura
1309 3579 1381 3624 SA
1528 3580 1562 3624 6
1601 3578 1775 3636 aprilis
1809 3579 1880 3625 SA
1921 3593 2030 3636 apr.
2059 3579 2139 3623 uel
2161 3578 2305 3638 april.
2332 3581 2375 3625 Β
2518 3581 2551 3626 8
2578 3580 2930 3640 quadrupedia

690 3671 753 3715 be
906 3683 966 3714 10
1004 3669 1119 3715 idus
1158 3668 1347 3728 apriles
1373 3671 1407 3714 S
1444 3668 1557 3714 idus
1598 3668 1772 3727 aprilis
1801 3670 1836 3715 A
1867 3668 1933 3714 id.
1963 3685 2071 3728 apr.
2100 3669 2180 3715 uel
2202 3669 2346 3729 april.
2375 3671 2417 3716 Β
2561 3677 2613 3717 at
2637 3672 2841 3732 scripsi:
2863 3669 2927 3716 ad

688 3759 760 3805 ΒΑ
788 3766 841 3805 et
866 3772 899 3805 a
940 3759 985 3804 in
1028 3761 1069 3804 a
1213 3758 1277 3803 ab
1316 3757 1430 3804 idus
1468 3759 1541 3805 sa
1584 3759 1648 3804 ab
1687 3759 1752 3804 id.
1779 3760 1822 3805 a
1974 3774 2032 3805 ια
2072 3757 2134 3806 kt
2160 3759 2405 3818 aprilibus
2430 3761 2465 3806 s
2502 3745 2568 3806 kT
2606 3760 2851 3820 aprilibus
2887 3762 2924 3807 A

690 3848 790 3894 kal.
818 3863 925 3906 apr.
967 3848 1048 3892 uel
1083 3847 1227 3906 april.
1268 3849 1309 3894 R
1462 3862 1521 3906 13
1563 3847 1711 3893 nonis
1751 3847 1793 3893 §s
1831 3849 1903 3894 SA
1946 3863 2063 3894 non.
2102 3863 2210 3907 apr.
2253 3848 2334 3893 uel
2367 3848 2511 3907 april.
2551 3849 2633 3894 uel
2667 3849 2711 3895 §s
2749 3853 2791 3896 Β

690 3951 1052 3995 nonnunquam
1094 3938 1136 3983 Β
1289 3951 1345 3994 ¹4
1390 3935 1538 3994 pride
1572 3939 1605 3984 S
1643 3936 1788 3996 pride
1817 3937 1853 3982 A
1890 3937 2055 3996 pridie
2082 3937 2162 3982 uel
2183 3937 2314 3996 prid.
2343 3939 2385 3984 Β
2529 3950 2622 3984 vm
2647 3939 2764 3985 idus
2791 3940 2831 3986 ἐ
2854 3940 2926 3986 SA

690 4038 779 4071 viu
820 4025 886 4071 id.
929 4041 1038 4085 apr.
1078 4026 1160 4071 ue!
1195 4025 1338 4085 april.
1379 4025 1460 4070 uel
1496 4025 1538 4071 §s
1579 4028 1643 4080 Β;
1700 4025 1869 4071 codem
1910 4025 2063 4072 modo
2098 4041 2233 4086 sequ.
2273 4025 2392 4072 dier.
2433 4042 2577 4074 num.
2613 4029 2751 4089 sign.

700 4117 758 4161 16
798 4121 851 4161 et
888 4119 1002 4160 ante
1039 4114 1180 4161 africi
1222 4129 1323 4160 om.
1364 4116 1436 4160 SA
1586 4114 1837 4175 significat
1876 4114 1994 4161 SAR
2032 4115 2316 4175 significant
2353 4129 2390 4163 a
2542 4119 2602 4164 18
2643 4119 2755 4164 sole
2791 4121 2824 4164 S
2847 4117 2923 4163 sol

692 4205 772 4251 AR
901 4204 1160 4250 occide-trc-
1201 4204 1237 4250 A
1367 4219 1433 4249 20
1474 4216 1613 4249 prm).
1653 4205 1690 4250 A
1821 4219 1886 4249 22
1929 4203 2166 4251 coniecta
2204 4206 2241 4251 A
2371 4221 2434 4264 24
2477 4207 2782 4266 exequenda
2809 4207 2923 4253 sm
